2610 5228
475 770 697 848 -347
751 808 846 820 -·-

111 960 286 1030 θανόντα.
328 968 353 1044 1,
372 987 405 1050 p.
428 967 478 1029 lu.
495 959 626 1052 Πέρσαι
648 960 690 1029 δὲ
710 966 908 1045 καὶΛίβνις
929 962 1009 1044 τούς
1022 962 1207 1060 πορθμοὺς

112 1067 377 1160 ὑπονοήσαντες
399 1065 486 1140 εἶναι
507 1065 658 1160 τνφλοῦς
672 1067 873 1154 στενωποῶς
895 1068 991 1162 ἐγγὺς
1011 1068 1075 1165 μὶν
1098 1062 1207 1165 ἦλθον

112 1177 280 1249 κινδύνων
306 1178 478 1271 μεγάλων.
527 1178 684 1269 τρόπαια
713 1177 753 1249 dd
782 1187 840 1263 τῆς
860 1184 983 1261 ἀνοίας
1004 1182 1206 1253 κατέλιπον·

112 1291 153 1357 οἱ
171 1280 236 1377 μὲν
256 1281 325 1357 τόν
346 1292 411 1357 τοῦ
431 1281 643 1376 Σαλγανὲως
664 1284 782 1380 τοίφον
803 1284 894 1378 προς
914 1296 966 1379 τῷ
986 1288 1135 1381 Εὐρίπῳ
1157 1303 1208 1379 τῷ

110 1392 316 1482 Χαλκιδικῷ
342 1400 411 1465 τοῦ
439 1397 630 1486 σφαγέντος
660 1392 729 1467 ὑπὸ
758 1395 831 1467 τῶν.
852 1398 995 1487 Περσῶν
1023 1400 1071 1478 ὠς
1097 1406 1207 1471 καθο-

110 1502 330 1597 ὅῃγήσαντος
351 1504 499 1593 φαύλως
520 1499 596 1575 ἀπὸ
618 1504 776 1575 Malean
797 1506 864 1574 ἐπὶ·
882 1506 945 1576 τόν
964 1504 1123 1596 Εὔριπον
1144 1504 1207 1579 τόν

110 1604 253 1680 στόλον.
293 1616 435 1680 Diodoro
456 1625 560 1682 sutem
577 1618 685 1685 Siculo
706 1625 789 1682 teste
810 1620 932 1683 castelli
952 1621 1075 1683 vicibus
1094 1621 1207 1705 iunge·

108 1723 205 1787 betur
225 1732 338 1807 utque,
358 1726 520 1809 Stephnuc
540 1729 714 1809 Byzantina
735 1734 884 1804 auctore,
910 1729 1065 1811 oppidum
1086 1730 1209 1794 cilicie·

109 1830 177 1895 iret.
221 1832 427 1919 ¹Ptolemaeus
454 1833 637 1919 chcnemn
663 1836 805 1917 appellnt
834 1841 869 1899 et
892 1837 977 1899 iuter
997 1837 1145 1902 Aulidem
1174 1844 1209 1901 et

107 1940 331 2005 Anthedonem
353 1943 505 2020 ccllccnt3
537 1963 600 2027 qno
622 1947 745 2008 excitu
765 1944 943 2009 lindwellus
963 1951 986 2009 t
1008 1946 1053 2027 ll,
1080 1945 1209 2037 lum

110 2049 198 2131 qnod
217 2070 300 2115 nunc
321 2051 548 2116 Balio-(instro
569 2055 620 2116 rel
641 2054 837 2119 (lunc-Bubc
858 2057 1036 2119 nominatur
1065 2074 1138 2118 enm
1157 2056 1206 2118 lu·

108 2177 184 2220 cum
212 2159 358 2222 obtinere
386 2162 519 2243 conjicit
546 2180 641 2243 quem
661 2162 832 2244 Salganeus
861 2162 1030 2244 eliqunndn
1050 2162 1207 2226 hebuerit.

108 2263 231 2329 Mirum
250 2273 360 2330 nostro
380 2268 453 2331 locu
475 2267 578 2331 rideri
598 2270 667 2332 sine
682 2268 779 2333 dubie
800 2276 939 2351 oportet,
961 2269 1046 2350 quud
1067 2270 1208 2351 scriptor

107 2370 309 2437 Authedccis
329 2393 348 2436 c
369 2373 523 2438 chalcide
544 2374 724 2439 distantiam
744 2375 940 2439 indicaturus
961 2375 1086 2439 eddidit
1105 2363 1208 2463 μέχρι

107 2484 177 2543 τοῦ
197 2474 420 2566 Σαλγανὲως,
442 2503 538 2566 quum
559 2483 605 2546 nd
623 2482 818 2568 Salgcncum
837 2504 900 2548 non
920 2485 1006 2549 idem
1027 2504 1098 2550 esse
1120 2485 1206 2567 qnod

107 2607 207 2672 usque
242 2590 291 2654 cd
317 2590 498 2655 Chalcidem
526 2594 732 2674 perspicuum
763 2593 806 2655 sit
841 2600 875 2656 et
903 2602 1012 2657 noster
1038 2596 1208 2676 prseteren

107 2698 250 2779 scriptor
269 2698 468 2762 interruilum
494 2698 534 2762 cl
560 2699 626 2763 alic
645 2701 724 2765 urle
742 2700 789 2763 cd
813 2700 910 2763 uliam
929 2709 1024 2783 atquc
1044 2699 1091 2769 cd
1108 2699 1208 2767 utus

106 2807 223 2868 c‘terum
243 2806 353 2869 nudem
373 2826 526 2888 nusquam
547 2806 682 2871 delinire
703 2807 814 2871 solent
868 2809 960 2889 Quod
983 2828 1078 2889 quum
1099 2810 1144 2871 itt
1165 2808 1208 2871 nit

106 2914 373 2995 simplicissimum
404 2934 475 2979 esse
500 2916 579 2979 mihi
607 2915 752 2995 videtur,
787 2936 858 2979 cum
887 2919 1077 2981 Buttmannn
1097 2910 1206 3004 ’μέχρι

107 3019 178 3084 τοῦ
207 3009 419 3104 Σαλγανὲως
446 3024 544 3087 verbe
571 3044 643 3087 cnm
669 3027 875 3106 sequentibus
903 3026 1072 3107 copulae,
1099 3025 1144 3087 ite
1171 3031 1207 3087 ut
1251 3043 1260 3055 ⁶

105 3129 163 3194 liic
183 3148 292 3194 census
313 3131 491 3194 efficietur:
512 3150 633 3213 „usque
647 3133 687 3195 sd
702 3133 888 3215 Suigcneum
909 3135 959 3196 vin
975 3139 1111 3214 propter
1131 3133 1207 3195 litus

108 3238 211 3301 curnis
229 3238 308 3303 levis
329 3245 379 3302 est
401 3243 503 3315 etc.“;
525 3259 630 3321 neque
651 3260 689 3302 en
711 3241 743 3305 in
763 3241 888 3303 rsticnc
904 3240 1002 3327 Gellii
1024 3239 1207 3320 scrupulum

106 3364 204 3425 euru,
238 3348 293 3427 qui
322 3366 418 3428 quum
450 3347 618 3428 eliqunndn
647 3344 743 3429 pleno
775 3346 861 3410 idem
886 3348 1065 3429 suspicatus
1093 3346 1208 3409 luisset

105 3453 292 3537 Sclgunenm
307 3454 425 3519 deinde
438 3456 560 3519 monuit
579 3457 659 3519 msri
673 3475 735 3519 nnn
757 3457 802 3519 ltc
815 3456 1017 3532 imminuisse,
1037 3461 1073 3517 ut
1094 3453 1207 3536 plcnne

105 3563 196 3627 circs
215 3564 291 3628 litus
309 3567 380 3631 elce
394 3564 500 3628 locum
520 3582 583 3626 non
604 3563 706 3641 duret,
726 3565 850 3626 etiamsi
870 3558 1016 3627 mdntunc
1037 3568 1071 3625 et
1092 3580 1206 3644 nsperu

104 3674 179 3737 lucc
199 3675 280 3738 vium
301 3675 494 3757 clipnnntnm
514 3679 711 3756 rumperent.
760 3671 823 3734 Sed
844 3672 972 3733 minimc
993 3670 1130 3733 omnium
1150 3688 1207 3732 ne-

106 3798 200 3844 cccsc
221 3788 271 3845 est
291 3783 472 3866 oppositum
502 3801 583 3864 quse
604 3779 772 3865 cogitnndc
794 3787 842 3843 est
862 3778 1048 3843 sententium
1068 3778 1206 3849 fortissi-

104 3908 190 3953 ωσι
216 3886 288 3953 esce
317 3896 485 3972 putemus:
525 3889 611 3953 eliud
642 3891 726 3952 euim
754 3888 946 3966 remedium,
978 3906 1041 3969 qno
1070 3885 1113 3972 τῇ
1140 3878 1205 3971 μέν

107 4017 140 4061 κ.
161 4018 193 4060 τ.
213 3989 246 4061 l.
273 3997 314 4060 cd
344 3999 426 4061 viem
447 4018 548 4080 usque
568 3997 608 4060 cd
628 3997 833 4080 Ssigcneum,
864 3994 908 4082 τῇ
936 3984 975 4058 δὲ
1006 4016 1037 4059 κ.
1060 4016 1092 4054 τ.
1112 3989 1144 4057 λ.
1165 3989 1206 4053 nd

105 4107 189 4169 siem
203 4125 222 4167 n
235 4104 389 4189 Sulgnnec
411 4107 450 4169 ud
466 4105 650 4170 clreicidem
670 4125 771 4187 usque
785 4106 958 4177 referetur,
979 4102 1085 4164 verbis
1105 4098 1206 4183 nostrl

104 4214 170 4279 lcci
191 4215 340 4279 curandis
362 4215 508 4279 adhiberi
529 4232 624 4296 posse
644 4232 706 4277 nun
727 4214 931 4277 crediderim.
981 4209 1102 4272 titilius
1129 4193 1215 4267 vero¹

104 4342 205 4405 pnum
224 4324 320 4389 istum
341 4323 456 4387 nodum
485 4323 610 4386 solvere
638 4342 700 4387 non
720 4328 830 4404 posset
856 4318 1037 4383 discindere
1058 4333 1151 4387 cneus
1172 4319 1207 4376 et

101 4432 205 4496 verbs
224 4423 326 4515 μέχρι
347 4436 410 4494 τοῦ
432 4420 645 4514 Σαλγανὲως
665 4429 857 4511 interpolate
877 4446 946 4489 esee
961 4424 1123 4508 professus
1139 4428 1204 4485 cst:

102 4539 364 4605 Chalcidensium
397 4541 480 4602 enim
503 4539 623 4603 ditione
653 4557 714 4621 per
741 4535 954 4599 Alexandrum
982 4534 1132 4615 Magnum
1160 4531 1204 4593 ite

98 4655 207 4725 encta,
228 4652 263 4709 ut
284 4649 379 4712 etism
400 4654 489 4710 estre
503 4633 665 4710 liubcenm
687 4650 814 4726 peteret
834 4644 967 4726 ejusque
988 4649 1112 4724 purtem
1132 4637 1204 4700 lere

99 4775 207 4838 usqne
235 4754 278 4818 ed
297 4754 483 4841 Snlgmeum
511 4755 798 4839 complecteretur,
830 4752 966 4835 uliquem
993 4749 1202 4814 iudiceturum
