2610 5228
591 392 599 407 1

173 863 220 937 al)
246 862 494 928 eic.etttc11‚
515 871 556 921 12.
592 864 809 931 „Dicaearchum
835 872 909 922 recte
935 882 1019 922 amaa:
1046 869 1199 930 iaculentur

100 950 188 1014 homo
212 965 251 1012 cat
276 965 304 1012 et
322 957 386 1012 civia
410 958 483 1011 haud
501 959 584 1030 paulo
607 961 716 1026 melior,
743 976 825 1032 quam
842 961 887 1014 ieti
905 963 989 1015 noetri
1006 960 1198 1040 ilmmpgerf‘

100 1038 193 1117 v1‚'2
210 1051 349 1118 „hominia
368 1069 423 1106 non
443 1070 574 1125 nequam,
593 1053 735 1107 sedetiam
754 1063 803 1108 tuo
821 1053 924 1122 judicio
941 1056 1049 1127 probati
1067 1057 1200 1113 Dicaear-

101 1147 178 1202 chi.“
214 1149 295 1202 Ture.
313 1146 413 1219 dieput.
432 1148 454 1213 1,
474 1153 506 1204 31
526 1147 660 1213 „deliciae
683 1166 758 1203 meae
775 1149 980 1204 Dicaearchua“
1006 1154 1048 1208 18.
1076 1152 1199 1218 ‚‚Dicae.

101 1241 210 1296 archum
230 1258 292 1296 cum
310 1241 484 1306 Aristoxeno,
504 1241 599 1296 doctor
615 1258 680 1294 eane
697 1241 841 1296 hominer“
860 1242 895 1297 de
913 1246 960 1298 oll.
970 1245 1012 1309 11,
1031 1247 1057 1301 6.
1082 1246 1201 1311 „Dicae-
1228 1296 1236 1311 ,

100 1336 191 1402 archi,
217 1334 391 1407 peripatetici
417 1333 506 1402 magni
529 1344 557 1388 ct
580 1335 705 1406 copioei“
732 1335 765 1388 de
784 1337 851 1390 finn.
871 1336 936 1390 bon.
954 1347 982 1392 et
998 1341 1060 1394 mal.
1079 1341 1134 1407 IV,
1153 1342 1198 1396 22

102 1429 214 1501 „Quam
240 1429 348 1483 illorum
375 1428 510 1482 trietitiam
538 1436 620 1500 atque
647 1429 818 1500 asperitatem
845 1429 949 1497 fugiens
976 1431 1121 1486 Panaetiue
1148 1449 1200 1489 nec

101 1525 279 1581 acerbitatem
301 1526 495 1579 tententiarom
520 1541 571 1591 nco
597 1522 744 1578 disserendi
771 1525 860 1596 apinae
878 1525 1020 1596 probarit,
1047 1525 1151 1598 luitque
1169 1527 1200 1580 in

102 1619 187 1674 altero
212 1636 308 1689 genere
331 1617 440 1683 mitior,
464 1618 492 1671 in
517 1617 602 1671 altero
625 1618 766 1689 illuetrior3
792 1635 949 1691 eemperque
974 1617 1071 1672 habuit
1097 1619 1126 1674 in
1152 1637 1200 1675 oro

103 1718 259 1780 Platonem,
278 1715 464 1781 Aristotelem,
483 1715 674 1781 Xenocratem,
694 1712 924 1787 Theophraetunr,
943 1714 1155 1782 Dicaearchum,
1168 1726 1201 1773 nt

104 1811 185 1883 ipeine
204 1810 303 1881 rcripta
321 1807 477 1862 declarant:
496 1825 564 1879 quoa
582 1805 691 1879 quidem
716 1807 768 1860 tihi
786 1807 905 1862 etudioee
921 1817 950 1862 et
966 1808 1110 1875 diligenter
1126 1817 1200 1865 trac·

105 1903 201 1959 mador
214 1920 374 1976 magnopere
392 1908 522 1957 ccueeo.‘¹
557 1903 681 1956 Ceterum
699 1901 781 1956 etiam
800 1903 896 1956 Suidae
912 1900 1104 1976 philoaophum
1122 1921 1203 1977 prae·

107 1999 178 2054 dicat
194 2015 283 2071 neque
301 2015 356 2051 non
373 1996 470 2051 Strabo
490 1997 570 2049 talem
588 1997 721 2051 exietimat
739 1995 774 2052 ei.
793 1998 821 2061 Ι,
841 2016 868 2068 p.
889 2002 912 2052 l·
933 1998 974 2054 ll.
994 1999 1037 2060 11.
1057 2017 1084 2070 p.
1102 2003 1163 2054 277.

172 2094 221 2160 15)
240 2090 337 2148 Cicero
355 2093 515 2147 Dicaearchi
532 2092 638 2164 acriptie
655 2111 716 2146 ueue
733 2093 816 2146 fuieec
834 2095 889 2160 jam
912 2091 974 2146 ideo
992 2082 1082 2160 colligi
1099 2099 1199 2163 poteri,

106 2188 177 2262 qaod
204 2187 332 2256 singulari
357 2203 449 2240 eorum
472 2187 561 2240 etudio
585 2204 696 2257 operam
721 2185 798 2239 dedit
822 2202 968 2256 eorumque
991 2187 1140 2258 compluria
1166 2206 1200 2242 co

105 2283 271 2356 potireimum
296 2288 419 2351 tempore
445 2279 627 2348 conquiairit,
660 2295 714 2347 quo
739 2279 769 2338 in
796 2275 990 2346 componendio
1018 2278 1117 2333 lihellie
1142 2281 1201 2351 ipae

106 2375 302 2449 occupabatur.
342 2373 438 2442 licque
463 2372 546 2456 polum
565 2370 680 2443 Cicero,
708 2377 738 2421 ut
760 2387 840 2441 aupra
863 2367 992 2434 vidimus,
1015 2372 1044 2423 in
1071 2373 1201 2428 relatione

103 2467 302 2526 nonnullarum
320 2480 425 2527 rerum,
450 2461 551 2534 quihue'
563 2461 741 2534 geographica
764 2461 894 2534 quaedam
912 2462 1044 2534 exporitio
1062 2471 1091 2518 ct
1107 2480 1202 2518 narra-

103 2565 143 2620 tio
164 2561 201 2614 dc
218 2559 385 2629 Pythagorae
402 2565 487 2611 morte
503 2556 566 2610 aldi
582 2566 687 2629 potest,
707 2559 904 2612 Dicaearchum
917 2568 1039 2626 secutur,
1059 2560 1106 2614 aed
1117 2561 1199 2616 etiam

105 2656 217 2710 ioruram
236 2654 294 2720 ejue
310 2651 428 2706 inritatur
446 2656 485 2704 eat
502 2647 538 2706 cs.
557 2651 592 2703 ad
609 2654 664 2706 Arc
682 2650 762 2720 xm,
781 2655 818 2710 30
835 2652 918 2719 „volo
935 2653 1053 2729 aliquem
1070 2684 1105 2699 ·-
1121 2661 1199 2718 ml,-

107 2751 176 2814 aule
193 2749 338 2824 orii-loyor,
354 2738 428 2802 more
444 2746 635 2805 Dicaearchi.“
