2610 5228
417 810 533 839 -—-·
566 790 641 872 css
694 823 793 838 --

57 982 272 1052 offenderent.
321 983 409 1051 iiiam
439 990 543 1050 antam
574 1005 667 1069 quam
698 988 739 1051 ad
770 988 951 1055 Galilmuch.
980 990 1085 1074 hymn.
1116 992 1151 1057 in

57 1094 152 1162 Disn.
180 1112 226 1158 rs.
244 1092 289 1157 Β
313 1113 334 1159 s
367 1094 558 1178 'panhemio
592 1099 788 1179 propositam
816 1099 958 1162 Murrius
988 1101 1152 1164 arcessiuit

58 1203 304 1287 explicationem
315 1204 582 1286 amplectentibus
595 1205 697 1268 omnis
706 1206 781 1267 sutis
794 1206 888 1288 plana
901 1213 982 1270 suut.
1002 1208 1152 1291 Magnum

58 1328 137 1377 sanc
163 1313 318 1394 temporis
345 1312 543 1376 intervalium
571 1313 656 1375 inter
685 1313 816 1376 alteram
846 1321 880 1376 et
906 1317 1032 1377 tertiam
1064 1316 1153 1379 urbis

61 1421 257 1484 audonem
276 1422 474 1499 intercessit,
508 1419 566 1484 aed
586 1420 621 1483 id
641 1422 747 1503 ipsum
768 1442 787 1484 s
807 1404 947 1487 Diodoro
968 1425 1044 1485 sctis
1064 1424 1152 1486 sitir-

55 1532 178 1592 mettun
196 1532 247 1591 est
265 1527 393 1592 Thebas
418 1546 480 1610 per
500 1530 697 1612 octingentos
718 1548 814 1593 onnus
835 1531 975 1612 integras
995 1532 1153 1595 exstitisse

55 1634 233 1700 redotente
274 1635 397 1702 Quodsi
416 1636 596 1700 Dodweiius
622 1643 764 1700 nentrum
790 1638 915 1700 illerum
941 1638 1153 1718 antiquiorum

56 1742 260 1808 monum
284 1744 378 1808 talem
406 1744 507 1808 inisse
536 1746 741 1825 existimeris,
773 1751 809 1808 ut
828 1745 973 1809 Thehsni
1002 1744 1045 1808 de
1073 1746 1154 1809 urba

55 1849 258 1915 restituenda
286 1853 479 1935 cogitassent
507 1853 559 1915 sel
586 1852 799 1916 Dicaearchus
829 1853 1081 1917 aedificationem
1110 1852 1153 1918 dc

55 1958 198 2043 iuthrc,
215 1959 269 2023 isc
288 1961 350 2024 isto
370 1966 518 2042 tempore
537 1960 622 2025 iacta
643 1967 737 2041 esset,
757 1969 920 2025 recentem
941 1948 1059 2033 καινήν
1073 1978 1154 2025 nun·

55 2085 182 2150 cupere
201 2068 375 2151 pctuissctr
395 2069 480 2133 nulia
499 2070 594 2152 piane
613 2072 696 2133 ratio
716 2070 829 2150 obstat,
850 2089 913 2152 quo
934 2071 1035 2133 minus
1055 2064 1153 2133 verbs

58 2163 373 2265 s'p'puprosupsppsdvq
401 2178 525 2240 nonnisi
553 2175 595 2240 sd
613 2176 742 2240 Thebes
771 2174 984 2241 acassundro
1013 2177 1153 2240 reiectas

55 2278 253 2363 rciarmm,
287 2285 543 2366 scriptoremque
568 2285 695 2367 priores
714 2284 805 2348 sinml
825 2284 1048 2349 'ihebunorum
1070 2284 1153 2348 cala·

56 2392 185 2456 mitstas
203 2394 431 2475 respicientem
446 2413 509 2476 pro
522 2382 578 2457 ded
594 2384 635 2457 τὸ
650 2386 897 2477 κατοσκοίφθαι
911 2383 979 2456 ὑπὸ
991 2383 1152 2468 Ἀλεξᾶν·
1184 2390 1187 2395 '

56 2495 148 2585 dpoc
167 2500 340 2583 protulisse
361 2491 421 2566 dcci
442 2491 488 2563 cd
509 2502 584 2586 τρὶς
600 2494 663 2590 ἤδη
678 2495 924 2587 κατοοκάφθαι
938 2501 1152 2584 conjiciamus.

57 2606 153 2689 Quod
179 2608 227 2672 ita
251 2607 371 2699 iactum
398 2615 436 2672 ut
463 2628 556 2673 nemo
584 2628 646 2691 pro
675 2614 822 2673 accurata
849 2614 883 2672 ct
904 2609 1043 2691 eleganti
1063 2608 1153 2690 cogi·

57 2714 150 2795 tendi
167 2719 203 2781 et
223 2715 394 2798 eloquendi
413 2717 539 2780 rsticne
557 2716 753 2797 vendiderit,
776 2718 822 2780 ita
842 2735 881 2779 ea
900 2718 934 2780 in
953 2736 991 2779 re
1011 2735 1073 2780 non
1094 2715 1153 2779 aii«

59 2842 155 2908 qaum
173 2824 249 2907 styli
268 2825 494 2908 negligentium
507 2826 705 2906 Dicaearchi,
725 2825 783 2890 sed
798 2827 921 2909 egregii
933 2825 1152 2889 homuncionis

56 2932 166 2997 omnia
183 2934 217 2997 in
236 2932 365 2997 brevius
385 2935 600 2999 ccntrshentis
621 2942 717 3016 atque
742 2933 964 2998 contundentis
991 2934 1151 3016 ingenium

56 3038 282 3105 animsdrcrto.
329 3041 422 3122 Quod
451 3049 555 3106 sutem
582 3043 741 3126 sujectum
768 3043 886 3124 iegitur
913 3031 962 3118 ὥς
982 3054 1092 3124 φασιν
1112 3038 1154 3104 αἱ

54 3144 210 3233 ἱστορίαι
228 3167 292 3213 non
312 3156 491 3233 oppugnat,
522 3152 586 3214 imo
608 3151 735 3234 adjuvat
753 3159 891 3214 nostrum
911 3150 1151 3229 interpretatio·

55 3272 143 3335 nere,
163 3274 260 3338 quum
279 3258 419 3339 scriptur
439 3277 494 3321 eas
512 3260 605 3323 simul
622 3261 801 3322 eversiones
813 3257 1048 3339 significaverit,
1069 3271 1151 3335 quas

56 3380 124 3429 m
144 3369 234 3443 ccrtc
252 3369 287 3427 et
305 3369 453 3427 accurcta
472 3383 580 3428 rerum
600 3364 788 3428 traditarum
807 3365 942 3426 veritstc
969 3363 1151 3426 continean-

54 3476 123 3537 sas.
152 3470 302 3537 Dctcrmu
321 3473 519 3555 uliquuteuus
537 3491 610 3535 cnm
624 3472 749 3535 Osanno
768 3471 853 3534 iacio
870 3470 969 3532 verba
982 3458 1030 3545 ὥς
1045 3484 1152 3555 φασιν

57 3574 102 3643 ai
110 3574 264 3665 ἱστορίαι
275 3580 315 3643 ab
329 3586 520 3662 excerptors
532 3580 724 3662 interpolata
737 3598 807 3643 csse
818 3579 1024 3642 existimante.
1050 3577 1151 3656 Quam

55 3686 246 3753 sententiam
274 3706 451 3770 quanquam
478 3708 541 3753 nou
574 3695 663 3753 arcte
697 3688 890 3770 cmpiector,
922 3685 1151 3750 Dicaearchum

55 3800 164 3859 tanen
183 3812 223 3859 cs
241 3796 338 3859 rerba
357 3797 402 3860 its
422 3796 594 3880 protulisse
614 3796 692 3860 mihi
712 3814 775 3859 non
795 3794 988 3877 persuadeo,
1017 3792 1074 3857 sed
1096 3811 1152 3857 ex·
1190 3848 1195 3858 .

31 3906 243 3985 ·carptcrem
263 3904 418 3987 conjicio,
453 3924 548 3986 quum
569 3904 781 3967 Dicaearchus
801 3903 933 3967 similem
953 3902 1098 3966 fortussis
1117 3902 1151 3964 in

55 4008 198 4087 nedum,
210 4012 244 4075 iu
258 4030 353 4094 quem
366 4013 543 4095 fragmento
557 4008 647 4078 Bion
663 4019 723 4098 τῆς
732 4001 899 4089 Ἑλλάδος
910 4011 993 4094 apud
1004 4009 1152 4091 Porphy-

57 4118 142 4183 rlan
151 4120 244 4185 obvio
255 4120 298 4184 ct.
307 4123 422 4185 Buttm.
432 4121 510 4185 edit.
517 4122 608 4205 pit.
617 4122 701 4204 apud
711 4141 767 4184 nos
776 4142 808 4203 p.
817 4117 942 4185 motai
952 4125 1075 4192 ταῦτα,
1085 4134 1150 4199 φη·
1163 4192 1173 4199 ,

58 4226 133 4306 cic,
154 4224 222 4309 οὐχ
239 4226 348 4320 ἡμεῖς,
374 4223 454 4295 ἀλλ’
476 4228 514 4307 ci
533 4219 578 4293 rb
594 4222 734 4293 παλαιοὶ
754 4227 892 4314 ἱστορίᾳ
913 4215 1150 4303 διεξελθόντες

56 4328 246 4425 Mauors,
260 4345 367 4402 nostro
377 4339 449 4401 ioco
460 4338 662 4416 cusintissset,
677 4338 773 4400 verba
784 4336 968 4400 Dicaearchi
980 4334 1151 4414 deprsvsts

55 4442 136 4513 iffi
154 4446 344 4526 exhibuisse,
366 4448 471 4528 qualia
489 4466 572 4511 nunc
592 4467 611 4511 a
631 4447 794 4510 codicibus
815 4445 919 4507 cbiats
938 4443 1151 4506 inveniuntur.

68 4538 216 4639 ζ-Ῑζδιᾶ
248 4544 298 4617 τὸ
328 4545 463 4640 βάρος
500 4555 571 4620 καὶ
605 4544 680 4642 τὴν
721 4549 1024 4641 ὑπερηφανίαν
1065 4556 1150 4615 τῶν

10 4651 391 4761 instituendam.
433 4665 612 4747 Stephsnus
640 4683 677 4726 ea
706 4662 802 4725 serbe
831 4680 892 4745 per
912 4651 949 4725 ἓν
970 4650 1032 4723 διὰ
1053 4659 1151 4722 δυοῖν

53 4762 434 4861 “wc-conjiciens
454 4765 561 4859 βάρος
581 4773 643 4843 hoc
663 4771 736 4840 ioco
763 4790 826 4840 non
852 4772 1057 4856 qrssitstcm,
1092 4767 1150 4834 sed
