2610 5228
373 736 749 818 *453*-

80 937 193 1002 oellius
211 937 291 1002 nihil
311 936 405 1020 plane
424 937 555 1000 monuit
597 935 764 1000 celidonis
787 937 939 1015 limante,
966 937 1049 1000 sicut
1070 954 1109 998 er

78 1049 113 1110 lii
134 1047 275 1111 editione
296 1066 327 1129 p.
348 1045 392 1109 δῖ
410 1065 481 1127 sqq.
502 1049 684 1128 perspicio,
714 1047 917 1131 sungraphcn
942 1047 1022 1110 diris
1042 1065 1109 1108 mc·

79 1176 127 1218 am
155 1159 317 1238 epitomen
345 1174 416 1219 esse
443 1157 615 1217 memoriae
646 1157 841 1239 adjuvandae
862 1174 954 1218 causa
976 1157 1015 1218 ah
1035 1156 1108 1237 ipro

78 1266 211 1327 nearcho
230 1265 347 1328 factam
367 1261 470 1348 eriis,
490 1282 571 1344 quse
592 1265 624 1326 ln
645 1266 709 1326 vita
723 1265 879 1326 Graeciae
900 1271 934 1326 ct
953 1267 985 1327 ln
1000 1281 1108 1327 κατα·
1224 1319 1231 1336 ,

78 1375 194 1459 ρήσεις
220 1374 293 1437 scic
319 1366 357 1434 dr
388 1365 649 1454 Πελοποννήσῳ
677 1367 774 1455 όρῶν
804 1372 981 1434 accuratius
1010 1388 1109 1452 erpo·
1193 1402 1198 1415 ·

78 1488 131 1542 set
151 1475 238 1568 (quo
260 1481 355 1542 etiam
374 1498 420 1542 ss.
441 1477 482 1540 12
502 1498 573 1558 sqq.
593 1471 829 1565 respicerent),
850 1496 984 1558 eamque
1002 1479 1108 1541 Theo·

79 1596 146 1650 asto
169 1586 344 1650 dedicatam
365 1587 474 1649 fnisse.
523 1587 672 1651 ceterum
693 1585 859 1649 Gelidouio
879 1588 1009 1648 tertium
1030 1606 1108 1666 quo·

78 1725 79 1748 1
106 1714 206 1777 opus,
233 1698 334 1778 ipsius
365 1697 512 1760 nimirum
541 1695 753 1775 Peloponnesi
781 1683 1065 1776 chorographiam,
1090 1713 1109 1757 a

78 1806 207 1868 nearcho
236 1807 269 1868 in
290 1805 492 1887 excerpendo
520 1807 552 1866 in
573 1823 663 1866 usum
683 1803 866 1865 advocatum
888 1804 986 1866 foisse
1007 1806 1109 1886 suspi-

78 1933 102 1974 ιι
123 1921 181 1976 cst.
223 1914 314 1994 Quod
329 1922 433 1976 autem
453 1915 516 1976 hoe
529 1915 694 1975 metricum
710 1912 898 1975 Dicaearchi
919 1931 999 1993 opus
1021 1912 1109 1974 nullo

78 2041 156 2083 rrum
176 2021 249 2083 loco
263 2023 323 2084 nisi
337 2022 421 2103 apud
438 2023 664 2103 Hieronymum
678 2029 919 2096 memoraretur,
941 2022 1108 2106 celidonio

78 2148 88 2189 e
107 2131 241 2210 repetiit
263 2131 348 2210 quod
371 2131 451 2192 nihil
471 2132 532 2194 nisi
553 2123 776 2211 compendium
795 2130 909 2192 fuisset
930 2137 963 2192 ct
984 2135 1109 2194 veteres

78 2259 82 2296 ι
104 2236 259 2299 Graeciae
279 2237 527 2318 descriptionem
549 2257 609 2318 pro
635 2245 729 2319 parte
750 2244 870 2299 tantum
891 2237 985 2302 Vitae
1008 2237 1109 2299 Grae·

78 2363 84 2405 ι
112 2345 405 2408 consideraviment.
456 2346 598 2407 Murrius
626 2352 662 2407 ut
683 2348 752 2428 jam
782 2353 854 2408 ante
882 2345 1017 2407 indicari
1038 2343 1109 2405 fere

78 2473 135 2514 rem
158 2455 360 2536 anagraphen
382 2472 421 2514 er
442 2453 583 2534 Scylacis
603 2455 733 2536 periplo
755 2455 1001 2517 consarcinatam
1024 2471 1108 2514 eam·

103 2562 219 2624 deinde
248 2583 320 2624 cnm
350 2563 471 2624 ceteris
497 2561 683 2643 fragmentis
712 2565 750 2624 ab
780 2563 886 2642 aliquo
906 2562 1037 2623 librario
1058 2561 1110 2622 sci

81 2669 184 2748 iopola
206 2686 267 2749 pro
289 2688 389 2751 opere
405 2669 617 2730 Dicaearcheo
640 2670 690 2731 nel
712 2665 806 2732 etiam
828 2669 953 2731 omnino
969 2669 1056 2750 justa
1078 2675 1111 2729 et

78 2781 159 2836 urata
196 2775 351 2836 Graeciae
387 2776 584 2856 geographia
621 2777 778 2837 venditam
814 2777 914 2838 fuisse
942 2775 1109 2858 judicavit.

80 2888 160 2944 trum
197 2883 407 2963 fragmentum
437 2883 475 2944 sla
510 2885 581 2964 ipso
610 2883 806 2947 Dicaearcho
835 2884 1016 2965 proiectum
1046 2902 1110 2946 non

78 3010 110 3052 ae
138 2992 348 3052 certissimum
375 2991 503 3067 habuit,
533 2993 616 3071 quod
645 3013 706 3059 uon
737 2993 838 3054 solum
866 2994 1019 3054 metricus
1040 2993 1110 3074 ejus

78 3101 138 3161 itus
157 3100 365 3179 nequissimus
387 3105 480 3176 esset,
501 3099 558 3160 sed
581 3103 676 3161 etiam
699 3101 852 3178 qracedam
873 3104 906 3161 iu
928 3118 967 3161 eo
988 3101 1109 3161 inveni·

78 3214 140 3280 tur,
169 3225 250 3287 quae
271 3214 325 3268 aut
344 3207 422 3268 falsa
443 3207 599 3268 censenda
620 3213 725 3267 essent
746 3215 799 3267 aut
820 3208 881 3269 sihi
903 3209 1036 3268 invicem
1058 3226 1110 3269 re-

78 3321 200 3377 nerent.
241 3315 291 3376 Ad
307 3316 539 3376 ilemsterhnsii
561 3333 688 3394 quoque
709 3317 894 3375 sententiam
916 3318 1110 3396 provocavit,

98 3443 137 3486 ex
164 3443 202 3486 ea
221 3425 345 3486 ratione
373 3442 436 3503 qua
465 3424 497 3485 in
523 3430 632 3485 nostro
660 3423 838 3504 fragmento
869 3423 909 3484 de
930 3423 1110 3504 Trophonii

78 3529 143 3594 culo
170 3530 339 3594 disseritur
368 3532 483 3593 merito
511 3532 641 3612 collegit
662 3531 888 3592 Dicaearchum
917 3531 1109 3592 Messeniam

78 3647 142 3703 trae
167 3641 365 3722 anagraphes
385 3646 547 3702 auctorem
567 3659 628 3701 non
655 3639 765 3701 fuisse.
806 3639 998 3701 Rectissime
1020 3639 1110 3702 dehi-

102 3716 189 3810 fecif
211 3747 296 3827 quod
323 3746 525 3828 sungraphen
547 3767 565 3808 a
584 3746 771 3828 fragmentis
800 3746 945 3827 pedestri
959 3749 1109 3810 ‘oratioue

78 3855 236 3918 cratitihns
263 3856 356 3936 plane
387 3857 546 3936 separavit
575 3861 608 3916 et
636 3855 676 3917 ad
699 3855 943 3936 discrepantiam
965 3876 1046 3936 quae
1067 3856 1109 3919 de

78 3964 196 4027 chrum
225 3965 342 4027 ambitu
369 3965 455 4025 iuter
476 3965 675 4045 anagraphen
700 3971 733 4024 et
749 3966 964 4045 fragmentum
985 3967 1109 4047 prosal-

78 4092 87 4133 ι
115 4073 238 4134 obtinet
265 4072 400 4134 animum
428 4071 577 4133 advertit.
626 4072 717 4151 Quod
746 4079 884 4134 nostram
906 4071 1108 4152 anagraphen

78 4180 200 4242 nearchi
228 4200 290 4242 non
320 4198 390 4241 csse
416 4198 521 4258 neque
549 4196 620 4240 esse
650 4197 744 4259 posse
773 4179 954 4251 contendit,
983 4177 1108 4241 Murrio

78 4289 247 4351 mticndum
276 4289 339 4350 viri
371 4286 545 4349 doctissimi
567 4293 656 4347 recte
677 4292 886 4364 censuerunt3
922 4284 1005 4364 quod
1032 4302 1108 4348 vers

78 4417 85 4456 a
106 4404 203 4460 totam
225 4417 263 4458 ex
277 4397 419 4476 Scylacis
433 4395 561 4476 periplo
576 4394 818 4474 conglutinatam
840 4411 910 4454 csse
932 4393 1108 4473 suspicatus

106 4504 140 4566 id
168 4506 283 4568 iiuihus
311 4505 470 4590 aliquanto
492 4504 681 4566 arctioribus
709 4501 933 4565 includendum
955 4520 1025 4563 esse
1046 4502 1109 4584 jam

78 4600 325 4676 ra'monuimua.
375 4612 517 4688 Murrio,
545 4617 698 4692 quatenus
719 4611 920 4692 anagraphen
940 4610 1109 4692 genuinum

78 4721 200 4799 nearchi
221 4740 303 4806 opas
323 4738 393 4786 esse
414 4722 551 4806 negarit,
573 4719 797 4794 Groddeclalus
817 4720 891 4783 hist.
913 4714 1109 4781 fictitii.
