2610 5228
54 25 1104 375 Ε
1192 310 1196 365 i

94 408 105 425 Q

846 524 859 537 .

459 778 826 852 -131--

100 969 333 1032 arbitrabimur.
350 962 389 1054 ¹)
438 967 472 1030 Si
499 974 668 1049 praeterea
689 969 876 1032 Dicaearchi
903 974 1120 1035 auctoritatem
1145 974 1187 1036 de

100 1077 282 1158 Trophonii
302 1077 431 1138 oraculo
451 1094 601 1156 nusquam
622 1082 675 1139 ant
701 1097 719 1139 a
740 1076 894 1140 Strabone
921 1086 975 1141 snt
1000 1100 1018 1141 a
1037 1082 1188 1145 Pausania

103 1186 224 1247 abatem
248 1204 317 1246 esse
332 1184 576 1262 consideramus,
594 1187 718 1248 titulum
739 1188 821 1266 περὶ
838 1190 897 1272 τῇς
912 1185 961 1263 εἰς
981 1184 1187 1274 Ίῖροφωνίου

106 1282 336 1367 καταβάσεως
356 1294 510 1373 suspicari
529 1293 662 1355 fortasse
682 1294 794 1355 libebit
814 1296 936 1357 nonnisi
956 1296 1120 1377 figuratam
1141 1296 1189 1359 di-

105 1401 196 1462 cendi
217 1404 370 1463 rationem
390 1422 450 1483 pro
479 1403 560 1485 :cepi
588 1402 647 1487 τῆς
679 1403 805 1486 τρυφῆς
830 1404 938 1467 inisse.
987 1408 1190 1487 Quantopere

103 1517 207 1570 antem
227 1511 381 1570 universis
401 1511 529 1571 Boeotis
549 1511 667 1571 ventris
688 1510 840 1588 studium,
866 1514 1101 1574 comissationes
1121 1532 1190 1574 res·

104 1636 166 1695 que
192 1617 363 1696 parasitica
389 1616 513 1677 crimini
542 1616 614 1677 data
640 1616 774 1695 inerint,
808 1626 927 1681 constet
947 1621 1190 1700 Trophoniiqne

102 1730 225 1784 antrum
253 1743 322 1784 cnm
353 1725 480 1786 oraculo
510 1742 548 1784 co
576 1727 674 1806 magis
701 1746 818 1787 summa
840 1746 907 1788 esse
928 1730 1034 1809 potnit
1053 1729 1127 1791 iibri
1149 1726 1190 1789 do

104 1832 272 1891 virtutibus
304 1832 373 1892 istis
402 1832 560 1894 noeoncts
597 1832 781 1895 disserentis
809 1834 1000 1915 idqueinon
1027 1838 1095 1898 sine
1125 1836 1191 1897 sale

103 1938 259 2015 facientis,
282 1958 343 2021 φο
365 1939 465 2020 pluris
487 1940 598 2000 Boeoti
619 1941 682 2019 ipsi
701 1937 780 1999 illud
803 1942 961 2001 oraculum
983 1946 1190 2006 aestimarent.
1249 1992 1255 2006 .

105 2046 254 2124 Accedit,
277 2047 379 2127 quod,
399 2054 435 2107 ut
457 2048 492 2107 0.
514 2046 687 2107 Muellerus
707 2053 798 2105 recte
819 2048 1053 2127 animadvertit,
1080 2052 1193 2115 Dicae·

105 2154 217 2215 archus
245 2175 320 2215 vero
352 2157 447 2215 snimi
475 2154 561 2215 cultu
590 2155 673 2213 inter
701 2154 921 2217 Aristotelicos
948 2158 1133 2219 excelluisse
1161 2166 1196 2221 et

105 2262 288 2323 sacerdotes
321 2280 493 2338 eorumque
522 2261 651 2321 frendes
685 2262 868 2340 gravissimo
901 2264 975 2324 odio
1008 2272 1196 2344 persecutns

105 2388 174 2428 esse
194 2368 334 2428 ridetur.
383 2370 563 2429 Atticorum
583 2386 710 2446 quoqne
732 2370 896 2457 poeitprnm
918 2370 1095 2432 comoedias
1114 2372 1197 2433 Tro·

104 2476 219 2555 plionii
239 2476 365 2534 nomine
385 2475 570 2555 inscriptas,
583 2472 620 2558 ¹)
643 2492 722 2553 quae
742 2476 857 2554 possim
878 2476 1045 2539 laudantur
1066 2477 1196 2541 elidens

104 2583 191 2645 istud
214 2587 428 2662 argumentum
451 2581 491 2641 de
513 2581 780 2642 comissationibus
799 2589 831 2643 et
844 2582 991 2661 parasitis
1005 2582 1196 2643 continuisse

108 2690 299 2765 creduntnr,
331 2689 369 2750 ad
391 2688 468 2750 illud
502 2688 620 2750 oraculi
648 2708 760 2750 numen
788 2688 913 2749 reterre
942 2688 1045 2750 liceat.
1095 2688 1196 2767 Quam

109 2798 145 2859 sd
166 2801 377 2879 suspicionem
405 2797 610 2880 adjurandam
628 2798 765 2859 'etiamsi
796 2797 938 2859 adnotent
964 2801 1074 2877 posset
1094 2798 1196 2879 pluri·

109 2921 169 2965 mas
190 2908 367 2967 Atticorum
393 2905 571 2967 comoedias
602 2924 640 2966 ex
667 2905 763 2967 rebus
791 2904 950 2967 Boeoticis
978 2910 1196 2985 argumentum

109 3014 291 3092 repetiisse,
328 3032 390 3073 uon
415 3014 566 3094 majorem
596 3020 699 3075 tamen
729 3015 799 3074 veri
824 3015 965 3094 speciem
985 3013 1082 3074 habet
1104 3032 1195 3093 quom

111 3121 226 3201 nquis
253 3109 458 3204 Τροφώνιος
476 3124 599 3183 illarum
620 3123 854 3184 comoediarum
879 3122 1119 3197 inscriptionem
1141 3139 1197 3199 ap·

111 3229 247 3306 pellatisi
268 3233 373 3309 potins
393 3249 531 3305 sensum,
552 3230 630 3291 benc
652 3230 730 3302 alti,
751 3228 898 3288 hahuisse
913 3228 1071 3305 conjiciet.
1103 3228 1198 3286 (lete-

112 3354 176 3395 rnm
199 3355 237 3396 ex
251 3336 312 3397 hoc
327 3337 408 3397 libro
424 3336 486 3395 dno
500 3342 618 3395 tantum
633 3334 810 3413 fragmenta
825 3333 914 3393 nobis
928 3332 1052 3410 reliqua
1065 3339 1137 3393 sunt
1148 3326 1197 3411 ¹¹)

111 3442 200 3505 titulo
223 3442 341 3504 diserte
364 3432 502 3505 indicato
532 3448 565 3501 ct
593 3440 706 3501 tertius
733 3445 881 3519 superest
905 3438 1008 3511 locus,
1025 3430 1080 3524 ¹¹)
1106 3456 1197 3517 quern

112 3552 148 3612 sd
170 3552 258 3613 illum
279 3573 339 3615 non
361 3551 613 3634 improbabiliter
635 3548 760 3609 reterre
783 3564 939 3625 pareamus.
989 3542 1031 3606 Ili
1060 3544 1197 3627 densique

110 3658 171 3722 loci
193 3662 348 3743 ejusmodi
369 3668 456 3733 sarrit,
476 3666 511 3720 ut
533 3660 626 3719 etiam
648 3658 679 3717 in
700 3656 784 3717 libro
804 3654 965 3734 singulari,
986 3657 1038 3735 qui
1061 3676 1099 3718 er
1122 3677 1197 3738 pro-

111 3766 193 3830 fesso
224 3768 265 3828 de
286 3770 461 3849 Trophonii
490 3767 617 3827 oraculo
646 3775 772 3847 ageret,
809 3766 840 3826 in
872 3772 946 3847 apto
974 3768 1195 3830 sententiarum

111 3894 253 3937 connexu
273 3876 380 3935 ecdem
401 3876 545 3936 habuisse
567 3876 709 3955 cogitare
729 3874 892 3954 possimus.
911 3872 959 3962 ¹¹)
1000 3877 1047 3937 ltn
1069 3876 1197 3956 quidem

110 3982 244 4063 simplex
265 3985 349 4049 tituli
371 3984 541 4062 explicatio
562 3990 749 4045 servaretur.
792 3984 971 4062 Quanquam
999 4002 1060 4045 non
1090 3983 1197 4042 sveri

109 4092 221 4169 specie
242 4092 393 4153 abhorret
413 4092 636 4152 Dicaearchum
662 4098 800 4152 statuere
821 4110 859 4152 eo
880 4094 911 4152 in
934 4091 1015 4151 libro
1036 4090 1136 4169 magis
1157 4088 1198 4147 de

111 4198 239 4258 oraculo
270 4200 400 4280 ejusque
429 4206 585 4260 momento
614 4200 757 4279 inprimis
785 4206 820 4260 nt
845 4198 971 4260 ridetur
998 4195 1197 4257 fraudulento

111 4302 305 4386 disputasse,
329 4328 419 4386 qrram
440 4314 561 4369 antrum
582 4314 615 4369 et
634 4309 714 4371 ritus
735 4309 778 4369 ibi
801 4309 946 4381 usitatos,
969 4323 1048 4381 quae
1070 4302 1196 4382 quidem

108 4415 212 4493 megis
240 4423 312 4475 note
342 4415 439 4475 inisse
469 4415 677 4492 crediderim,
714 4414 929 4493 descripsisse.
953 4409 1003 4497 ¹¹)
1054 4412 1196 4474 Alterum

110 4532 216 4582 autem
245 4523 489 4603 fragmentorum
519 4544 598 4604 qnae
628 4528 796 4605 supersunt
826 4520 865 4581 de
894 4519 1014 4579 lunonis
1045 4521 1109 4600 ogit
1138 4537 1198 4599 per

109 4647 234 4689 mensas
254 4628 406 4689 secundas
427 4629 557 4706 ellecta,
572 4628 621 4711 ¹¹)
650 4630 781 4691 alterum
805 4626 844 4686 sle
865 4632 1081 4702 monumento,
1112 4623 1197 4704 qnod

109 4735 272 4817 Harpalus
290 4736 425 4800 Macedo
446 4736 651 4818 Pythionicae
670 4734 831 4799 meretrici
853 4733 1066 4796 constituerat.
1084 4726 1132 4818 ¹¹)

942 4836 999 4915 ῳ
