2610 5228
442 808 810 883 *toi-—

82 1000 185 1078 ὁτῆς
206 992 381 1074 Πολιάδος
408 1002 625 1085 proferentem
651 1008 687 1065 et
714 1000 832 1066 ticinio
851 1002 1059 1066 Parthenouiu
1085 1018 1172 1064 men·

82 1114 201 1175 ionem
235 1110 414 1173 facientem.
463 1112 595 1191 Antiqui
625 1117 730 1173 cotem
760 1111 830 1193 eju·
859 1110 970 1191 tempii
999 1109 1174 1172 minervum
1267 1090 1278 1103 ’

82 1208 249 1283 Πολιάδα
271 1216 388 1281 dictum
414 1218 531 1294 iniere,
564 1219 751 1299 ucecrope
780 1220 825 1280 ibi
855 1237 915 1281 ceu
945 1218 1114 1299 paiiadium
1142 1222 1176 1279 ct

82 1334 223 1391 tutamen
253 1327 341 1389 urbia
372 1326 565 1388 coiiocatum.
616 1327 678 1388 Ubi
712 1328 802 1407 ignea
839 1344 967 1406 quoqne
1001 1330 1177 1406 perpetuo·

82 1429 272 1519 [ἄσβεστος
293 1425 431 1516 λύχνος)
453 1436 589 1497 civitati·
611 1435 847 1498 diuturnitatem
869 1436 965 1495 tuitoa
986 1450 1067 1494 eoae.

168 1536 477 1631 ὁκαλούμενος
503 1540 743 1630 Παρθενών.
785 1544 890 1608 Scribi
914 1545 1050 1605 fortunae
1070 1538 1178 1622 pincet

82 1644 97 1717 5
123 1646 347 1736 καλούμενος
364 1647 477 1738 Παρθ.
498 1657 543 1718 itu
562 1662 598 1716 ut
621 1644 642 1715 ά
663 1651 863 1741 ιδ’Λθρνάς
876 1643 970 1735 ίεράν
985 1650 1069 1732 quod
1083 1666 1179 1732 prae·

82 1763 184 1826 necuit
204 1763 406 1825 referendum
427 1766 487 1826 aitc
509 1764 662 1844 exemptio
680 1763 763 1825 enim
777 1762 942 1825 aimiiiimic
955 1760 1086 1825 derenci
1098 1754 1179 1821 iiiui

82 1877 212 1953 puteat,
235 1871 320 1951 quod
340 1873 481 1954 acriptor
501 1866 717 1957 καλούμενος
738 1878 771 1932 et
793 1869 1035 1955 ὑπιρκοίμενος
1050 1868 1117 1951 Jam
1138 1863 1181 1928 ud

82 1968 286 2060 Παρθενών
307 1998 411 2060 neque
432 1980 471 2041 ud
493 1968 515 2041 ὅ
538 1980 588 2041 vei
618 1978 702 2060 quod
724 1979 809 2040 idem
831 1986 880 2040 eat
900 1976 939 2038 ad
961 1968 1056 2059 ἱερόν
1077 1992 1182 2057 gram-

82 2088 204 2147 matice
224 2088 342 2148 retulit
392 2086 456 2149 Sed
478 2087 626 2168 equidem
650 2087 872 2161 dubitaverim,
901 2104 938 2147 un
960 2082 1184 2157 Dicaearcimr,

82 2214 185 2273 quum
207 2214 330 2255 aacrom
352 2195 515 2256 Minervae
545 2197 851 2268 commemoraverit,
886 2195 919 2253 in
946 2192 1029 2251 libro
1057 2207 1114 2250 uuo
1142 2185 1185 2249 cie

83 2303 153 2362 uita
177 2302 334 2363 Grucciae
362 2302 459 2363 aoiiua
478 2302 688 2363 Parthenonin
716 2303 906 2361 mentionem
935 2298 1054 2359 iecerit
1081 2314 1186 2375 neque

84 2410 185 2469 aimui
207 2407 320 2487 templi
335 2408 500 2468 Minervae
514 2400 636 2468 Potiuii
657 2409 757 2469 sacri:
779 2426 953 2487 quenquam
968 2408 999 2467 in
1014 2405 1186 2486 perepicuo

87 2526 142 2579 est
159 2518 229 2598 ejua
243 2515 474 2595 decriptiouem
488 2518 640 2595 temporie
656 2517 822 2596 iniquitate
836 2523 869 2577 et
888 2515 971 2596 quod
988 2515 1026 2576 cd
1045 2521 1185 2575 neutrum

93 2627 208 2686 atticet
218 2623 428 2703 fragmentum
440 2624 837 2705 excerptoriaucgiigentiu
847 2642 974 2705 pecuum
989 2623 1092 2684 uotam
1105 2640 1186 2684 ecee.

177 2727 491 2818 ὑπερκείμενος
511 2729 588 2792 τοῦ
607 2720 795 2814 θεάτρου
826 2730 869 2793 ci.
889 2731 997 2794 Stuart
1016 2737 1051 2792 et
1071 2731 1188 2794 Revett

102 2839 169 2901 ath.
192 2839 327 2901 Aitcrtir.
348 2838 386 2902 Τ.
407 2838 443 2899 Β.
463 2845 485 2898 t
507 2838 550 2914 ii,
572 2857 603 2919 ρ.
623 2838 666 2899 44
684 2858 734 2918 aq.

177 2944 360 3026 Legendum
373 2942 516 3007 ridetur:
535 2935 722 3030 Ὀλύμπιον
743 2934 894 3032 ἡμιτελὲς
914 2934 978 3030 μὲν
1002 2936 1104 3027 [riui]
1126 2936 1188 3027 τὴν

106 3051 154 3125 τῆς
175 3049 382 3140 οἰκοδομίας
404 3046 630 3140 ὑπογραφήν,
651 3044 873 3140 κατάπληξιν
894 3053 925 3114 δ’
949 3046 1042 3132 ἔχον.
1084 3055 1189 3115 Acco-

108 3164 212 3223 uatiruu
233 3151 295 3244 τήν
322 3151 530 3244 ὑπογραφήν
559 3162 722 3222 relationiu
750 3166 814 3235 eat,
851 3158 975 3237 qualem
1006 3160 1190 3237 aacpiuuime

110 3268 183 3348 aqud
212 3270 365 3350 optimum
395 3286 553 3348 quemque
584 3271 774 3347 ucriptorem
803 3268 960 3327 Graecum
988 3266 1108 3345 legenti
1135 3284 1192 3327 oc·

112 3392 233 3439 tumere
253 3396 344 3438 nemo
367 3384 416 3437 eat
445 3376 499 3454 qui
521 3374 645 3435 dubitet
672 3373 715 3433 ci.
738 3374 873 3452 exempli
903 3372 1193 3451 caucasorum,

114 3498 139 3560 ρ.
156 3484 216 3545 imi
245 3478 412 3546 ἀσπίδιον
440 3476 474 3542 δ’
505 3468 636 3553 αὐτοίς
665 3468 899 3557 diaconique
921 3469 982 3559 τὸν
1004 3467 1192 3569 διάμετρον

114 3586 227 3653 Ιιιοίοο.
247 3590 352 3653 Sumo.
374 3591 403 3650 l.
432 3582 497 3674 ήδη
524 3576 587 3672 τὴν
616 3581 749 3669 ἡλικίαν
777 3576 960 3673 πρόσηβος
989 3582 1048 3656 ω’ν.
1091 3591 1192 3671 Quem

118 3710 197 3772 quum
218 3698 385 3778 aiiqucndo
407 3698 500 3758 aliter
520 3695 706 3757 coiiocutum
737 3713 798 3757 uon
828 3698 914 3759 catio·
933 3707 1056 3761 rectum
1085 3702 1193 3764 cuinti-

118 3813 225 3867 nurent
244 3806 306 3867 riri
327 3805 414 3867 docti
435 3805 497 3866 hoc
518 3805 550 3866 io
571 3803 643 3865 loco
665 3803 718 3865 aiii
739 3803 799 3893 aiia
813 3806 1023 3886 protulerunt
1057 3808 1193 3891 Stepha-

120 3922 165 3973 tae
181 3913 409 3975 emendandum
437 3931 507 3975 eaae
538 3912 677 3974 censuit:
715 3899 934 4001 κατάπληξιν
963 3914 996 3977 δ’
1023 3910 1104 3996 ἔχον
1135 3913 1195 3989 οίς

122 4004 168 4101 ῐῆν
184 4022 244 4108 τῆς
266 4018 472 4110 οἰκοδομίας
499 4008 728 4106 ὑπογραφήν,
760 4022 960 4085 Cuaaubonna
980 4027 1195 4106 conjecturam

123 4118 363 4191 iuzocimndom
394 4129 536 4191 editione
564 4129 728 4210 probatam
755 4130 873 4193 hancce
903 4134 1054 4212 protulitc
1089 4148 1196 4193 κατα-

124 4226 291 4323 πληκτικὴν
312 4236 348 4300 δ’
370 4230 451 4320 ἕχον
473 4226 533 4324 τὴν
555 4236 616 4320 τῆς
638 4232 842 4326 οἰκοδομίας
863 4225 1091 4321 ὑπογραφιὶν,
1129 4238 1197 4300 Sai-

124 4346 219 4408 nutu·
254 4347 493 4408 rescribendum
527 4365 598 4407 eoae
627 4347 672 4407 ita
700 4348 877 4426 surpicutua
906 4353 954 4405 eat
984 4362 1087 4406 exerc.
1117 4347 1197 4410 Piiu.

124 4450 231 4525 niti.
258 4442 522 4539 καταπλήξιμον
550 4472 574 4513 a.
596 4442 840 4539 καταπληκτὴν
869 4446 901 4511 δ’
924 4445 1014 4536 ἕχον.
1063 4455 1199 4538 Elegan-

122 4558 225 4625 ticina
246 4571 350 4623 cutem
372 4563 440 4623 cine
464 4560 559 4621 dubio
581 4570 630 4623 eat
645 4561 783 4623 Jacobeii
805 4561 1004 4641 conjectura,
1025 4564 1057 4623 in
1081 4566 1199 4630 Boetti-

82 4690 84 4699 ·
119 4672 179 4749 teri
199 4670 364 4735 Amaltheo
377 4669 416 4746 ii,
437 4690 469 4750 p.
482 4669 547 4730 240
566 4669 609 4731 ci.
631 4668 672 4731 aci
686 4667 801 4731 Aciriss.
815 4668 885 4732 Tat.
905 4671 1015 4750 12.ssss
1034 4678 1200 4755 proponite

115 4784 204 4863 utque
223 4780 265 4844 ub
283 4779 408 4844 0aunno
429 4777 622 4843 collaudata:
644 4765 802 4862 ἡμιτελὲς
823 4766 903 4861 μὲν,
925 4771 1143 4865 κατάπληξιν
1162 4776 1198 4843 δ’

153 4924 159 4935 ·
954 4894 996 4962 11
