2610 5228
415 1716 556 1831 Caput
578 1718 779 1829 primam.

105 1911 344 1973 ‚laearehl
367 1912 497 1987 hage
524 1912 780 1973 adumbratur
803 1910 1030 1985 philesophi
1051 1914 1094 1973 et

488 2008 706 2081 scriptoris·
737 2016 773 2093 0

55 2328 162 2415 Sicut
181 2362 293 2409 omnes
311 2344 383 2407 iere
403 2342 590 2425 philosophi
611 2343 833 2423 peripatetici,
860 2342 906 2404 ila
930 2342 1076 2423 inprimis
1095 2342 1149 2407 lli·

56 2452 232 2516 erear-chus
253 2470 365 2530 magna
384 2450 504 2529 ingenii
525 2448 675 2509 facultate
690 2455 723 2508 ei
735 2448 849 2529 insigni
865 2446 983 2530 Jndicil
997 2450 1151 2528 acumine,

58 2580 117 2641 pno
140 2577 198 2621 res
210 2576 229 2618 a
242 2576 278 2619 se
298 2562 446 2618 irnclnias
467 2557 590 2634 quasvis
609 2556 776 2636 perspexit
796 2562 829 2616 et
851 2556 1034 2634 illustravit,
1054 2576 1151 2639 prse-

60 2668 140 2733 llius
160 2668 260 2730 inisse
280 2666 415 2728 videtur.
463 2664 596 2726 Etiamsi
624 2667 708 2727 enim
729 2685 806 2744 qnae
833 2666 874 2727 de
894 2670 1022 2731 summis
1042 2686 1152 2733 rerum

59 2776 226 2857 principiis
247 2774 357 2836 hahuit
377 2774 552 2835 sententiae
580 2778 614 2834 ei
641 2775 787 2835 universa
815 2774 883 2857 ejus
909 2796 1003 2857 quam
1022 2794 1080 2839 uos
1102 2776 1152 2841 ii-

60 2884 156 2945 eiinus
177 2882 371 2963 speculativa
391 2879 612 2962 philosophis,
634 2886 782 2961 qnantum
797 2880 934 2960 ‘quidem
953 2884 994 2945 de
1009 2902 1048 2945 er
1060 2884 1153 2949 nohis

61 2998 256 3071 comperium
276 2994 338 3066 est,
358 2986 443 3049 haud
455 3005 566 3069 magna
585 2988 679 3049 lande
700 2988 888 3051 efficiendae
910 3006 981 3051 esse
994 2990 1156 3071 videntur,

61 3117 78 3159 e
105 3098 266 3161 contraria
293 3096 374 3158 adeo
406 3102 499 3177 parte
527 3094 740 3157 Dicaearchus
775 3095 815 3157 oh
841 3103 971 3178 apertos
1002 3097 1155 3177 quosdam
1280 3090 1285 3103 '

61 3223 187 3267 errones
206 3211 240 3266 el
261 3203 300 3267 ob
322 3203 435 3266 rudem
455 3222 517 3283 qna
537 3210 669 3284 praeter
690 3220 862 3281 corporum
883 3206 1048 3265 materiem
1075 3206 1157 3269 nihil

60 3313 224 3395 agnovisse
245 3317 374 3392 putatur
395 3311 576 3392 opinionem
597 3308 825 3388 vituperandus
846 3316 895 3370 eat
915 3316 970 3371 aul
987 3310 1157 3391 deplorau-

61 3419 135 3483 dus:
162 3420 386 3501 praestantiam
407 3424 514 3479 lamen
541 3417 615 3497 ejus
641 3414 880 3497 philosophiae,
908 3416 1096 3496 simulatque
1117 3416 1159 3480 nl

59 3546 150 3591 mm
177 3528 261 3588 vitae
289 3525 518 3603 revocabatur,
537 3524 711 3605 perspicus
739 3523 808 3605 eius
830 3528 864 3585 ei
888 3524 1013 3586 sincera
1031 3524 1159 3589 vivendi

59 3642 238 3719 praecepta
265 3654 389 3699 necnon
419 3654 499 3715 quae
530 3632 572 3697 vie
598 3636 695 3697 rehns
722 3633 763 3695 ad
787 3634 898 3697 literas
924 3636 1158 3717 pertinentibus

59 3744 242 3805 rectissime
268 3744 404 3824 pretulit
433 3744 566 3825 ejusque
597 3740 773 3803 doctrinam
801 3760 910 3807 rerum
930 3744 1084 3807 varietate
1105 3762 1161 3808 ex-

59 3850 319 3915 cellenti-imam
348 3852 540 3914 criminemur
568 3868 699 3913 necesse
719 3854 777 3913 est·
824 3850 1055 3933 Philosophus,
1083 3860 1161 3919 uls

61 3976 184 4020 summ
212 3959 376 4021 literarum
408 3962 491 4021 sicut
522 3960 637 4039 poeitae
668 3956 708 4021 rh
734 3958 813 4021 Jove
847 3958 979 4022 deornm
1009 3962 1161 4043 principe

61 4067 230 4147 exordiar,
250 4069 464 4131 Dicaearchus
488 4070 590 4130 minus
612 4067 653 4128 de
678 4066 794 4131 ilulhus
813 4086 921 4133 rerum
940 4076 1032 4131 recle
1054 4076 1088 4131 el
1109 4088 1161 4130 ae-

63 4180 178 4238 cursta
198 4177 384 4259 cogitando,
413 4194 506 4256 quam
533 4178 698 4251 sententiis
718 4176 903 4240 excelluisse
930 4178 1057 4239 videtur
1076 4177 1161 4241 hene

61 4282 197 4344 iirmslis
219 4290 253 4346 ei
274 4285 405 4366 egregie
435 4287 604 4366 expositis,
634 4287 662 4347 si
691 4286 767 4365 qnid
788 4286 912 4347 ratione
933 4290 966 4345 ct
986 4285 1036 4345 vla
1057 4285 1161 4365 inqui-

61 4389 200 4453 rendum
221 4400 308 4470 erni,
330 4392 414 4472 quod
436 4392 476 4453 ad
497 4394 656 4455 civilatem
675 4395 726 4456 vel
748 4394 873 4456 omnino
894 4390 1041 4453 advitam
1056 4394 1162 4473 puhli-
1233 4408 1255 4427 ⁷

62 4516 151 4575 earn,
186 4519 278 4581 quam
298 4500 427 4581 plurimi
448 4503 658 4565 aestimavisse
680 4523 698 4564 a
719 4502 875 4565 cicerone
896 4502 1055 4578 refertur,
1086 4520 1163 4583 per-

63 4607 195 4671 cineret.
235 4609 384 4673 Animum
405 4609 572 4671 humanum
592 4610 743 4692 singulari
764 4611 858 4692 plane
878 4610 971 4673 modo
993 4611 1163 4674 arbitratus

64 4722 118 4776 est
146 4734 208 4797 per
231 4734 268 4780 se
296 4716 402 4798 ipsum
432 4716 516 4780 omni
545 4715 717 4783 anhelantia
747 4724 902 4785 eremium
929 4737 1000 4783 esse
1020 4716 1164 4797 nihilque

942 4838 962 4909 1
