2610 5228
297 164 300 172 t

545 411 548 419 t
610 400 623 419 §a
1034 412 1037 417 ι

459 443 462 449 ⁷
723 443 726 455 r

68 541 74 551 Ι

442 721 787 794 -ρρώ

11 957 12 961 ,
63 921 124 968 erat
141 913 224 966 animi
239 911 306 986 qnid
324 919 371 966 aut
388 912 476 986 qualis
493 920 564 968 esset
580 911 775 982 intelligentia,
792 904 896 967 nultum
915 912 1027 968 omnino
1042 913 1162 970 animum

64 1022 125 1061 esse
141 1006 285 1060 ὤκιστον(
304 1015 333 1060 et
349 1006 471 1079 inprimis
487 1004 600 1079 disputt.
618 1007 700 1062 Tuae.
719 1008 748 1070 1,
767 1022 791 1062 c.
804 1010 839 1062 10
858 1006 1061 1073 „Dicaearchus
1072 1017 1162 1063 autem

65 1101 96 1155 in
112 1117 146 1154 co
163 1116 301 1164 sermone,
320 1117 400 1172 qoem
409 1098 535 1155 Corinthi
553 1099 675 1177 habitum
693 1099 778 1153 tribus
789 1099 865 1153 libris
875 1104 1000 1172 exponit,
1020 1101 1162 1157 doctorum

64 1195 204 1250 hominnm
231 1195 425 1267 disputantium
451 1195 540 1266 primo
563 1195 633 1250 libro
659 1193 757 1250 multos
781 1194 925 1268 loquentes
950 1194 1031 1264 iacit,
1055 1195 1161 1250 duobus

64 1291 244 1353 Pberecraten
262 1292 398 1362 quendam
423 1291 580 1346 Phthiotam
602 1308 693 1347 senem
700 1329 709 1357 ,
734 1308 814 1364 quem
841 1292 880 1344 ait
897 1309 912 1344 a
930 1291 1099 1347 Deucalione
1115 1310 1161 1346 or·

63 1385 135 1443 tum,
164 1377 339 1433 disserentem
365 1377 486 1443 inducit,
515 1378 586 1433 nibil
608 1397 664 1435 ease
687 1380 799 1433 omnino
823 1379 943 1431 animum
970 1385 999 1432 et
1023 1376 1078 1433 hoe
1103 1397 1161 1434 essa

43 1506 45 1510 ψ
63 1489 164 1526 nonen
182 1479 270 1526 totum
287 1472 386 1538 inane,
406 1473 556 1552 frustraque
574 1471 701 1527 animalia
719 1480 748 1528 et
764 1459 914 1527 animantes
934 1471 1086 1545 appellari,
1112 1489 1161 1524 ne·

63 1583 116 1638 que
133 1565 164 1619 in
182 1566 291 1621 bomine
308 1569 396 1623 inesse
413 1570 532 1623 animum
549 1572 593 1626 rel
611 1568 726 1623 animam
743 1586 795 1623 nec
813 1569 841 1630 in
859 1567 963 1636 hestia;
981 1567 1090 1640 vimque
1103 1583 1162 1622 om·

63 1678 126 1714 nem
143 1677 219 1727 am,
239 1680 292 1735 qua
309 1664 353 1718 rel
371 1681 479 1732 agamus
496 1663 563 1737 quid
580 1665 623 1718 rel
642 1665 802 1729 sentiamus,
820 1665 849 1717 in
864 1663 990 1718 omnibus
1001 1659 1161 1735 corporibus

63 1754 132 1808 rivis
150 1755 329 1828 aequabiliter
345 1774 404 1812 esse
422 1758 506 1812 loram
515 1801 524 1827 ,
542 1776 593 1813 nec
610 1759 786 1832 separabilem
804 1775 820 1810 a
837 1774 951 1830 censore
968 1773 1041 1820 esse,
1060 1755 1162 1830 qnippe

63 1861 136 1917 qnae
160 1846 237 1900 nulla
262 1848 299 1902 sit
324 1866 375 1904 nec
392 1849 429 1904 sit
445 1852 610 1925 quidquam,
635 1853 688 1907 nisi
705 1871 803 1925 corpus
821 1868 905 1906 unum
923 1860 951 1906 et
968 1850 1095 1922 simplex,
1121 1849 1162 1902 ita
1251 1849 1255 1859 '

62 1938 220 2006 figuratum,
240 1951 271 1997 ut
287 1936 485 2017 temperatione
501 1926 722 2016 naturae'rigeat
738 1958 767 2002 et
783 1937 912 2002 τοιοῦτον*
942 1947 971 2000 Si
987 1949 1163 2002 Tenneman·

62 2048 115 2086 θῦε
133 2035 188 2093 Η.
213 2037 286 2093 bunc
304 2040 443 2104 Ciceronis
464 2043 554 2097 locum
578 2060 638 2099 cum
657 2044 768 2100 stobaei
790 2044 852 2100 loco
876 2043 967 2096 statim
984 2033 1161 2095 exscribendo

61 2127 169 2183 confert
185 2138 229 2196 et,
247 2145 364 2209 utroque
381 2137 455 2192 inter
468 2157 497 2194 se
513 2141 631 2203 collato,
651 2141 812 2196 Ciceronem
824 2134 985 2193 Dicaearchi
999 2129 1163 2191 senentiam

62 2240 120 2295 non
138 2235 212 2281 recte
229 2233 383 2302 exposuisse
400 2230 487 2286 rideri
511 2235 667 2295 contendit,
694 2226 753 2287 rir‘u
778 2233 932 2287 doctissimo
958 2227 1012 2281 bac
1029 2228 1058 2279 in
1075 2241 1104 2278 re
1122 2226 1181 2276 as·'

62 2322 156 2375 sentiri
174 2324 301 2393 equidem
319 2342 443 2396 nequeo,
463 2343 547 2396 quum
558 2326 698 2380 Ciceronis
709 2326 842 2395 expositio
852 2321 1009 2393 nentiquam
1021 2317 1164 2390 impediet,

61 2419 210 2489 quominus
228 2418 387 2489 opinionem
404 2419 573 2472 Dicaearcho
592 2435 607 2470 a
626 2418 743 2473 Stobaeo
762 2418 874 2490 aliisque
899 2415 1082 2477 vindicatam,
1110 2429 1164 2483 qua

60 2514 171 2564 animus
190 2520 306 2584 quatuor
322 2515 519 2568 elementorum
532 2513 674 2567 harmonia
691 2513 879 2586 praedicetur,
899 2499 979 2567 simul
991 2509 1164 2582 accipiamur.

61 2606 168 2661 contra
195 2606 269 2676 apud
286 2605 431 2683 stobaeum
453 2605 544 2660 locum
568 2605 601 2660 de
619 2607 781 2662 Dicaearchi
804 2603 887 2679 'super
909 2609 999 2661 anima
1021 2603 1161 2660 sententiis

61 2701 189 2768 legimus,
218 2700 266 2772 qui
291 2701 348 2753 eine
372 2701 419 2754 illo
437 2701 616 2755 Ciceroniano
641 2700 755 2770 intelligi
779 2702 888 2774 penitus
913 2720 970 2756 non
994 2707 1100 2776 postet:
1127 2718 1161 2753 ex

63 2793 215 2866 Iamblicho
233 2795 305 2846 enirn
324 2793 392 2850 hacc
409 2804 424 2846 a¹
442 2794 561 2856 Stobaeo
578 2797 726 2850 afferuntur
742 2795 800 2849 Eeb
819 2795 862 2848 ed.
882 2796 1022 2850 licerent.
1033 2797 1056 2859 1,
1071 2793 1161 2865 ρ.870

62 2876 129 2953 aule
144 2895 191 2962 pls
213 2889 265 2946 τῶν
277 2885 486 2964 Ἀριστοτελικῶν
511 2894 632 2966 αίθίριον
656 2891 730 2964 σῦμα
753 2887 802 2963 τὴν
818 2888 905 2965 ψυχὴν
921 2897 1056 2948 τίθενται·
1074 2886 1149 2964 ἔτερο

63 2989 92 3041 dl
115 2981 261 3054 τελειότητα
284 2979 369 3056 σίντην
391 2979 573 3059 ἀφορίζονται,
600 2980 663 3041 κατ’
683 2981 775 3042 οὐσίαν
797 2984 846 3042 τοῦ
871 2991 948 3043 erton
972 2978 1157 3071 σῶμστοψῖῡ

64 3081 219 3148 insumas
235 3081 307 3134 estet
317 3075 509 3152 Ἀριστοτέλης,
528 3075 612 3156 ὥσπερ
628 3078 660 3151 δὴ
679 3085 705 3135 le
722 3084 798 3144 delore
809 3076 989 3154 θεὸφραστοςι
1007 3075 1025 3147 ἢ
1041 3076 1073 3133 eri
1090 3073 1162 3134 e'ssao·

63 3169 218 3243 ymsipeavor
233 3167 497 3246 latebrosamque
513 3174 591 3244 γενῶν
608 3169 684 3233 ὅλοιν,
700 3168 1046 3247 ὄσπερᾶντιςνεοιτερίσειτν
1062 3175 1089 3226 la
1104 3177 1162 3233 eoric

63 3271 200 3330 arvom,
224 3262 292 3337 ἢτό
310 3275 511 3342 συγκεκραμένον
527 3277 583 3331 τοῖς
600 3266 728 3339 σώμασιν,
753 3263 836 3339 οἵσπερ
860 3270 887 3320 ol
908 3269 1020 3320 Στοιῖνοί
1044 3267 1161 3335 ttyooor·

63 3357 84 3432 ἢ
100 3357 132 3414 τὸ
148 3359 181 3434 τῇ
199 3357 276 3431 qdues
292 3367 513 3434 σαμμεριιγμίνον,
528 3357 547 3431 ἢ
562 3358 594 3412 τὸ
612 3358 660 3412 τοῦ
679 3355 797 3428 σώματος
814 3353 857 3420 ὅν,
874 3353 957 3429 ὥσπερ
966 3355 997 3410 τὸ
1009 3357 1162 3428 ίμψυχοῦσ-

65 3461 131 3510 θαι·
149 3446 217 3527 αὐτῇ
240 3459 268 3511 dl
292 3453 329 3527 pr}
354 3451 438 3528 παρὸν
461 3454 494 3527 τῇ
518 3448 592 3525 ψυχῇ
616 3447 699 3525 ὥσπερ
721 3444 853 3524 intexui,-
879 3453 922 3504 σία
939 3446 969 3519 δὴ
988 3453 1089 3520 ityreos
1104 3452 1163 3524 περὶ

64 3548 153 3619 ψυχῆς
168 3546 239 3622 ταρὰ
259 3546 409 3622 Διιαιάρχηι
424 3546 462 3619 eoi
479 3551 634 3617 Μεσσηνίᾳ,
659 3543 706 3597 ubi
724 3554 859 3616 postrema
877 3541 960 3600 rerba
977 3541 1018 3596 slc
1035 3542 1164 3596 translata

64 3639 168 3695 habes:
189 3643 259 3707 „alii
275 3641 350 3714 quod
369 3650 480 3695 naturae
496 3643 670 3711 conjunctum
688 3645 729 3693 est
745 3647 792 3692 aut
809 3657 825 3691 a
842 3654 957 3710 corpore
974 3655 1031 3692 non
1055 3652 1165 3711 aepore-
1188 3672 1197 3689 s

64 3735 142 3800 bile,
162 3737 204 3791 cui
222 3736 288 3790 insit
305 3737 345 3791 vis
362 3737 466 3800 vitalis,
485 3754 540 3790 non
557 3745 648 3790 tamen
665 3735 704 3787 ito
721 3744 818 3806 ut.per
834 3751 862 3787 re
875 3735 904 3788 in
917 3733 1006 3786 anima
1018 3731 1160 3803 subsistat3

31 3885 36 3893 ¹
65 3831 154 3900 qnaiis
172 3838 214 3884 cst
229 3828 390 3884 Dicaearchi
407 3831 533 3885 Messenii
551 3830 715 3884 sententia.“
759 3828 838 3883 Hunc
857 3830 946 3885 locum
963 3828 1111 3885 Heerenins
1129 3845 1164 3882 ex

65 3932 143 3995 parte
160 3925 314 3977 mutilatum
332 3943 388 3979 esse
406 3928 465 3994 jure
483 3926 642 3997 arbitratur:
661 3935 734 3980 recte
752 3926 879 3997 quidem,
895 3925 928 3978 'si
946 3941 1007 3978 curu
1025 3919 1165 3977 Ciceronis

70 4017 157 4070 serbis
174 4019 231 4086 „ita
250 4021 389 4086 figuratum
407 4019 646 4089 attemperatione
663 4028 773 4073 naturae
791 4021 879 4089 vigeat
894 4026 923 4074 et
937 4019 1058 4073 sentiat“
1077 4015 1166 4070 collo-

68 4120 179 4178 centur,
198 4131 225 4166 se
244 4111 345 4167 habere
361 4111 383 4187 ἢ,
399 4113 430 4170 τὸ
446 4114 480 4190 τῇ
498 4112 573 4188 φύσει
589 4121 811 4189 σομμεμιγμίιον,
836 4115 866 4168 in
883 4113 973 4169 verbis
991 4117 1079 4163 autem
1096 4104 1118 4180 ἢ
1132 4107 1161 4164 ei

66 4207 117 4265 ssi
133 4205 267 4282 φύματος,
293 4209 428 4264 eiCicero
447 4208 603 4262 conseratur
627 4224 699 4273 „nec
722 4208 896 4282 reparabilem
921 4219 1067 4275 acorpore
1085 4208 1164 4256 esse“

69 4297 182 4366 ditem,
207 4299 350 4380 ἇχῶριστον
375 4301 591 4358 intercalandnm
609 4319 665 4358 esse
690 4303 784 4359 videri.
820 4304 854 4355 In
881 4298 968 4355 serbis
986 4305 1074 4351 aulem
1091 4313 1161 4370 quae

68 4397 120 4461 jam
147 4405 323 4468 sequerentur
348 4404 376 4450 et
394 4415 462 4469 quae
482 4395 615 4465 ejusmodi
642 4412 747 4451 sensum
765 4394 930 4450 continuisse
947 4390 1115 4457 viderentur,
1135 4399 1167 4445 nt

68 4489 100 4545 sd
117 4491 304 4562 ίμψαχοῦσθαι
321 4490 350 4542 in
369 4486 480 4562 corpore
499 4491 578 4544 situm
596 4497 678 4556 esset,
698 4489 727 4542 in
746 4488 836 4540 animo
852 4494 942 4541 autem
955 4493 1049 4559 utpote
1063 4486 1167 4560 aliquid

70 4584 207 4659 proppium
225 4593 253 4637 et
271 4586 404 4652 singulare
422 4581 562 4660 (ὑπάρχοι)
579 4602 635 4637 non
653 4582 768 4648 inesset,
788 4581 913 4636 lacunam
930 4581 1004 4635 haud
1023 4581 1102 4635 facile
1120 4597 1167 4633 ex·

71 4678 196 4748 piendam
213 4678 462 4752 correctionemque
489 4697 539 4751 pro
566 4687 640 4734 certa
658 4677 818 4732 ramsolam
836 4677 1005 4732 statuendam
1024 4691 1081 4728 esse
1099 4688 1166 4738 con·
