2610 5228
375 538 414 593 ‘s

422 1585 563 1701 Caput
588 1594 772 1675 tertium.

360 1780 668 1844 Bieaearolat
701 1784 822 1842 vita·

56 2099 289 2185 Dinarchus
309 2120 490 2202 Messanae,
516 2124 644 2189 Siciliae
664 2126 761 2202 urbe,
774 2123 814 2208 ¹)
843 2127 935 2188 ustus
954 2128 989 2187 et
1007 2120 1141 2189 Phidiae
1205 2158 1216 2205 q
1274 2156 1300 2223 .-

10 2308 13 2319 .
57 2227 213 2324 eujusdam
232 2228 316 2291 tilius
329 2229 427 2292 inisse
441 2237 531 2292 eexto
546 2231 663 2293 Suidse
676 2232 857 2293 testimonio
872 2232 1019 2313 proditus
1032 2239 1081 2294 ost
1093 2226 1141 2319 ²).

10 2396 13 2429 :
58 2334 231 2415 istasque
249 2336 365 2396 vixerit
387 2352 406 2394 a
427 2335 592 2413 plerisque
614 2334 741 2413 quidem
754 2327 792 2421 ³)
819 2336 906 2395 eirea
925 2336 1144 2423 olympiadem
1207 2340 1212 2367 ⁸

60 2437 133 2507 GKV
156 2440 315 2501 oolioeata
336 2444 403 2514 est,
434 2438 491 2499 sed
521 2441 736 2503 accuratiores
761 2441 906 2518 termini,
936 2439 1048 2520 quibua
1077 2460 1146 2504 esua

15 2556 18 2561 '
59 2545 316 2612 summarium
336 2543 434 2625 idque
453 2544 539 2607 houd
559 2552 680 2608 temere
699 2546 870 2627 possimus,
892 2552 926 2609 et
945 2566 963 2609 a
982 2547 1146 2613 liodrretio

59 2671 160 2738 sagus
192 2672 265 2715 eum
296 2653 440 2716 doctrina
466 2653 586 2717 frustra
615 2656 748 2737 quaesiti
769 2649 892 2742 suutt)
920 2660 953 2718 et
973 2656 1007 2719 iu
1027 2675 1146 2721 summa

58 2763 300 2833 testimoniorum
327 2763 463 2843 penuria
491 2769 581 2826 eerto
602 2765 673 2827 erui
692 2764 744 2826 rix
764 2783 900 2843 uuquam
910 2769 1088 2933 'terum
1108 2754 1145 2853 ⁸)

57 2866 129 2933 dem
149 2876 254 2932 umen
269 2870 482 2949 quaestionem
493 2889 555 2932 uon
570 2871 663 2952 piane
677 2871 854 2953 negteeturi
868 2890 909 2952 pr
922 2890 1005 2933 mum
1021 2873 1148 2952 quaeri-

56 2994 137 3054 mus,
161 2996 236 3039 uum
264 2978 298 3040 iu
328 2978 407 3058 ipris
427 2978 595 3059 seripturis
615 2976 800 3060 fragmentis
820 2978 941 3059 aliquot
960 2979 1025 3040 ioei
1052 2998 1149 3061 repe-

55 3084 194 3160 riantur,
231 3085 287 3164 qui
314 3082 354 3145 ad
383 3102 492 3146 aevum
511 3066 591 3168 'ejus
619 3087 740 3148 eertius
772 3085 985 3148 definiendum
1014 3088 1147 3149 valeant.
1266 3114 1286 3171 χ

54 3189 242 3255 Dicaearchi
267 3192 350 3255 iiber
380 3192 543 3276 περὶτῆς
571 3189 608 3255 ἑν
625 3184 713 3274 Ἰλίῳ
744 3190 868 3265 θυσίας
889 3200 1150 3259 oommemorstus
1243 3184 1246 3191 ¹

55 3317 95 3361 ex
115 3317 220 3379 eoque
240 3297 329 3362 locus
349 3297 390 3361 de
412 3298 583 3362 Alexandri
602 3299 712 3378 Magni
739 3296 973 3380 παιδεραστίᾳ
999 3300 1152 3380 allegatus
1181 3284 1184 3291 ’

55 3413 115 3470 est.
154 3406 219 3469 lam
239 3407 267 3469 ai
287 3406 578 3488 praestentissimus
598 3401 809 3463 Macedonum
839 3421 897 3464 rex
917 3403 1046 3465 solenne
1067 3406 1153 3485 apud

55 3513 186 3594 'l'rojsm
206 3513 395 3576 sacrificium
415 3530 478 3573 uon
500 3516 572 3573 aute
583 3506 780 3589 Olympiadis
794 3507 849 3571 CX
864 3509 960 3571 tinem
980 3511 1153 3575 instituisse
1285 3562 1304 3611 ..1

56 3627 153 3702 atque
172 3621 384 3684 Dicaearchus
404 3620 493 3696 idem
510 3616 589 3680 illud
618 3617 652 3679 tu
679 3616 830 3698 singulari
859 3636 918 3681 suo
945 3638 1047 3700 quem
1057 3620 1152 3684 modo
1281 3660 1288 3681 .

57 3728 191 3810 allegari
209 3729 293 3791 libro
322 3729 506 3809 exposuisse
532 3743 643 3807 mque
664 3743 735 3786 eum
756 3726 826 3789 veri
855 3728 966 3808 speeie
995 3728 1154 3810 efficitur,

58 3836 213 3917 temporis
241 3835 334 3899 simul
361 3834 436 3898 iude
457 3835 612 3896 terminus
632 3832 723 3894 uobis
743 3840 942 3913 eomparatus
963 3841 1029 3913 est,
1060 3856 1154 3918 quem

57 3945 126 4006 sita
145 3946 214 4027 ejus
234 3945 406 4009 excessiue
427 3940 607 4004 necessario
628 3941 828 4022 eoujieieuda
848 3947 906 4005 est.
958 3942 1071 4025 Neque
1091 3963 1154 4032 uon

59 4068 103 4113 ex
124 4069 234 4134 magus
247 4051 341 4116 Vitae
353 4051 509 4114 Graeciae
522 4049 716 4132 fragmento,
737 4049 765 4111 si
786 4049 913 4129 quidem
934 4057 1156 4133 excerptorem
1296 4038 1304 4051 “

58 4176 117 4221 rea
137 4158 326 4241 ingenuino
347 4157 535 4222 Dieaearehi
562 4175 663 4239 opere
684 4157 827 4239 proditas
855 4160 1028 4221 servavisse
1048 4156 1156 4220 oredi-

61 4284 147 4343 mus,
167 4284 271 4348 psuea
291 4267 408 4330 afferre
422 4265 518 4344 licet,
538 4266 621 4329 siout
633 4263 758 4328 Thebas
771 4265 907 4329 indicari
921 4265 960 4326 ab
974 4262 1155 4328 Alexandro

63 4390 188 4438 sverm
215 4392 334 4454 easque
361 4393 422 4455 per
441 4372 649 4438 Cassandrum
676 4375 838 4436 restitutus
869 4378 902 4432 et
920 4371 1156 4438 Demetriadem
1290 4382 1294 4391 “

64 4481 174 4544 urbem
195 4483 434 4545 commemorari
461 4481 662 4551 alienetrio
690 4479 817 4545 taudem
837 4478 1016 4543 Poliorcets
1046 4481 1156 4545 condi·

64 4592 135 4651 tem.
177 4589 300 4669 Quodsi
320 4589 368 4679 tiit
388 4591 437 4654 rei
457 4597 565 4674 gestae
587 4586 783 4672 Olympiadis
797 4585 896 4651 CXVI
909 4606 1006 4651 sunus
1025 4590 1156 4669 primus,

65 4692 140 4762 ode
158 4715 240 4764 xero
259 4698 348 4764 urbia
368 4698 579 4766 aedidoationi
600 4697 640 4763 ad
660 4696 821 4763 minimum
842 4694 1038 4781 Olympiadis
1058 4693 1158 4760 cxiii
