2610 5228
423 750 885 862 4477*-

66 980 190 1046 tundam
212 1000 273 1044 non
296 998 364 1044 ease
387 981 549 1063 professus
569 988 628 1045 est.
677 983 792 1063 Quales
819 987 922 1046 satem
943 983 1006 1044 sint
1025 975 1157 1060 λιμένος

65 1087 238 1161 alemini,
266 1109 305 1153 ex
333 1091 439 1152 multis
460 1092 715 1173 geographorum
736 1092 881 1175 inprimis
902 1092 1057 1154 minorum
1077 1091 1158 1157 locta

66 1200 143 1260 satis
164 1198 297 1270 conant,
318 1217 422 1278 neque
442 1200 541 1280 igitur
561 1199 686 1280 vulgata
707 1202 865 1280 scriptura
880 1199 1090 1280 explicatione
1109 1199 1157 1262 in·

65 1303 155 1386 diget
176 1324 279 1384 neque
292 1306 524 1381 mutationibus,
547 1306 653 1388 quales
672 1308 704 1369 ln
727 1312 874 1387 promptu
890 1305 1065 1386 permultae
1085 1311 1159 1369 sunt

63 1429 93 1471 v.
116 1430 143 1473 c.
172 1407 317 1484 κλοστός
347 1412 389 1473 cl.
411 1415 562 1493 Anonym.
584 1413 699 1493 peripl.
721 1420 807 1493 pont.
830 1412 942 1473 blasio.
965 1413 1085 1494 Gcogr.
1099 1412 1157 1476 Gr.

63 1518 138 1578 min.
161 1517 211 1578 ed.
234 1517 314 1579 Gaii.
336 1525 358 1578 t.
379 1518 431 1594 lll,
452 1538 484 1598 p.
504 1518 587 1595 ale,
619 1537 793 1598 quanquam
821 1516 883 1579 hoc
913 1519 945 1580 in
966 1520 1157 1600 vituperium

64 1627 171 1706 potina
198 1645 289 1705 quam
316 1629 347 1687 in
377 1627 500 1688 laudern
531 1633 642 1708 portos
669 1626 827 1688 iacturum
849 1632 942 1688 esset.
977 1616 1157 1710 'Singularis

62 1733 262 1813 sungraphes
283 1737 404 1795 auctori
426 1754 463 1794 ea
484 1735 595 1795 notitia
616 1741 680 1810 eat,
710 1753 771 1813 qna
792 1734 954 1814 regionem
977 1735 1063 1796 circa
1083 1737 1157 1797 Am·

62 1839 201 1901 bracium
223 1843 312 1902 sitam
335 1822 529 1922 Dryopidem
550 1841 703 1922 appellari
725 1839 871 1918 tradidit,
898 1842 1159 1924 quombryopcs

63 1967 84 2010 a
107 1947 270 2028 plerisque
292 1948 331 2011 ad
353 1951 535 2012 Parnassum
557 1949 708 2014 collocari
730 1956 837 2011 notum
857 1949 900 2011 sit
924 1949 966 2010 ci.
987 1949 1091 2030 Etym.
1111 1950 1157 2013 Μ.

63 2072 98 2136 p.
120 2053 189 2114 lae.
210 2054 282 2116 aul.
303 2048 450 2137 Δρύοψ,
480 2048 593 2144 ὄνομα
616 2052 765 2119 educaris.
788 2043 870 2130 τούς
892 2047 1064 2138 Δρύοπας
1085 2043 1155 2121 ind

63 2151 127 2222 τὸν
155 2151 364 2241 Παρνασσόν
396 2155 578 2234 οἰκοῦντας
604 2156 810 2248 μετέστησεν
829 2156 1000 2248 Ἡρακλῆς
1021 2158 1070 2237 εἰς
1091 2157 1156 2225 Πε-

62 2261 298 2352 λοπόννησον.
328 2266 516 2333 καλοῦνται
538 2260 575 2332 δὲ
597 2259 672 2333 ἀπὸ
694 2264 863 2354 Δρύοπος
885 2266 961 2335 οἱοῦ
979 2259 1155 2333 ‘Audito-

62 2392 124 2448 νος
145 2377 204 2437 καὶ
227 2375 316 2452 Δίας
338 2383 396 2462 τῆς
409 2372 605 2451 Λυκάονος.
647 2377 734 2440 Suid.
756 2384 778 2439 t.
794 2378 817 2454 l,
838 2395 870 2457 p.
889 2376 961 2439 auu.
981 2368 1158 2459 Δρύοπες,

61 2474 166 2558 ἔθνος
187 2483 265 2567 περὶ
293 2475 355 2568 τὴν
378 2479 534 2546 Πυθῶνα
554 2475 693 2558 ἄδικον,
721 2474 743 2545 ὃ
766 2477 937 2568 Ἡρακλῆς
957 2478 1157 2568 μετῴκισεν.

64 2579 124 2654 dra
145 2581 210 2674 γᾶρ
235 2580 296 2654 τὸν
315 2579 549 2675 Ἐρυμάνθιον
571 2581 710 2675 κάπρον
727 2582 869 2675 Ιἔφορον,
897 2583 1007 2675 ἐζήτει
1028 2581 1157 2665 αύτούς

63 2690 219 2785 τροφήν.
252 2696 287 2761 oi
307 2691 347 2762 δὲ
380 2696 442 2761 ούκ
471 2686 621 2762 ἔδωκαν.
672 2700 741 2780 Qua
769 2699 810 2761 de
835 2719 872 2761 ra
893 2701 1095 2763 liuttmannua
1115 2698 1157 2762 ad

63 2804 148 2869 bunc
178 2806 282 2868 locum
303 2807 347 2867 ita
369 2813 595 2869 commentatus
616 2813 678 2868 eat:
710 2807 846 2884 „iterum
875 2806 1030 2890 eiusmodi
1051 2807 1157 2884 rerba,

64 2913 178 2993 quibus
206 2932 274 2989 res,
304 2933 384 2992 quae
410 2912 536 2978 aliunde
565 2920 683 2975 tantum
709 2914 929 2990 concludatur,
962 2914 1054 2994 plane
1082 2933 1156 2976 con-

62 3020 214 3083 tirmalnr.
263 3021 373 3082 Nullus
401 3022 483 3084 enim
513 3021 714 3103 geographus
740 3022 790 3083 vel
822 3023 992 3107 historicus
1021 3022 1102 3083 hauc
1123 3021 1169 3087 ta·
1279 3052 1284 3062 ·

10 3136 13 3175 l
63 3128 166 3210 lipiro
179 3128 370 3209 Dryopidem
393 3130 487 3191 novit.
529 3129 674 3209 Dryopes
695 3135 799 3189 autem
818 3131 902 3189 inter
924 3127 1059 3209 populos
1079 3129 1157 3210 Epi·

10 3249 13 3290 ι
62 3254 135 3297 rum
155 3234 330 3297 habitantes
351 3235 445 3296 affert
465 3235 584 3296 Plinius
604 3234 667 3311 lV,
689 3254 717 3297 c.
737 3234 785 3310 1.‚
810 3235 946 3313 eundem
968 3235 1036 3295 aine
1059 3233 1156 3298 dubio

11 3346 17 3399 t
63 3344 105 3406 iia
131 3343 235 3405 locum
264 3336 421 3424 assignans¹
448 3361 540 3423 quern
571 3349 680 3404 noster
707 3342 873 3423 Dryopidi.
923 3342 1001 3404 Nam
1022 3341 1097 3403 inde
1117 3344 1156 3405 ab

10 3461 19 3532 t
62 3451 332 3532 septentrionibus
362 3450 586 3529 accidentique
614 3449 681 3510 sole
710 3449 803 3530 Epiri
834 3449 968 3529 populos
988 3466 1157 3512 recensens

10 3576 19 3621 t
62 3565 140 3641 post
158 3558 365 3640 Cassiopaeos
388 3559 479 3639 ponit
494 3558 654 3639 Dryopem
675 3557 912 3643 Scylaxsaulam
933 3563 1007 3637 post
1028 3557 1156 3621 eosdem

10 3665 19 3723 t
61 3667 286 3748 cosdumam,
308 3666 516 3729 Molossorum
537 3667 649 3748 exigna
670 3674 761 3746 parte
782 3666 950 3747 interjecta
970 3658 1158 3752 (propriam

10 3782 18 3830 t
62 3775 147 3838 cuins
169 3776 383 3856 maJoremque
397 3775 560 3856 regionem
582 3774 730 3837 tenebant
750 3768 1036 3858 mediterraneam)
1058 3771 1157 3834 collo·

10 3872 13 3919 ³
59 3889 117 3945 cat
137 3884 350 3958 Ambraciam
371 3886 416 3946 lta
436 3891 472 3945 ut
486 3885 670 3945 Ambraciae
690 3882 769 3944 iines
783 3881 879 3948 iidem
899 3883 962 3944 sint
974 3884 1037 3962 ,qui
1052 3881 1157 3961 Dryu-

60 4008 151 4072 pum.
203 3993 289 4069 Quos
318 3992 459 4072 pristinis
486 3990 681 4070 temporibus
709 3991 794 4050 inter
823 3995 945 4050 montes
972 3989 1156 4051 Parnassum

24 4112 30 4119 '
59 4096 240 4179 ortamque
261 4099 354 4162 sedes
374 4118 445 4162 suaa
466 4097 629 4175 babuisse,
657 4097 888 4178 posterioribus
908 4102 1012 4157 antem
1034 4102 1156 4175 tempo·

58 4205 153 4269 ribus
184 4207 222 4268 ab
244 4206 383 4270 Hercule
410 4212 577 4286 superatos
598 4203 806 4286 Apollinique
824 4182 867 4266 :in
895 4201 1043 4265 ditionem
1067 4201 1156 4265 datos

58 4312 146 4376 alios
163 4316 195 4376 in
217 4316 304 4378 locos
325 4289 495 4396 emigrasse
515 4297 629 4376 notum
645 4320 702 4375 eat.
744 4311 807 4374 Sed
829 4312 861 4373 in
875 4311 1008 4391 lipirsm
1030 4328 1157 4390 quoqne
1214 4388 1228 4421 ο

58 4423 259 4504 immigrasse
287 4442 342 4486 eos
370 4431 466 4503 atque
487 4422 668 4484 consedisse
694 4427 824 4502 praeter
845 4418 1071 4507 Dicaearchum
1092 4417 1156 4482 Pli-

59 4531 214 4612 niumque
229 4532 353 4594 iabnlae
368 4531 493 4594 docent.
534 4532 687 4597 Antonius
708 4530 791 4591 enim
805 4528 960 4591 Liberalis
982 4548 1009 4590 c.
1022 4527 1053 4590 4.
1075 4527 1155 4590 baec

58 4635 182 4699 madia:
204 4628 411 4721 Κραγαλεύς
433 4634 469 4699 δ’
491 4636 512 4700 ὁ
533 4627 703 4720 Δρύοπος
724 4628 804 4714 ciacc
834 4640 893 4716 γῆς
918 4634 979 4719 τῆς
1000 4629 1155 4717 Δρυοπί-

42 4740 129 4815 ,ὃος
155 4732 255 4824 παρὰ
287 4732 331 4806 soi
358 4731 491 4825 λουτρὰ
523 4744 568 4813 sd
590 4711 816 4827 Ἡρακλέους·
847 4733 872 4804 α’
897 4733 1155 4829 μυθολογοῦσιν
