2610 5228
48 987 109 1033 uec
129 984 194 1033 non
214 974 315 1035 umen
334 970 391 1048 lts,
411 975 448 1033 nt
468 969 509 1032 de
528 970 772 1053 peregrinorum
792 974 826 1033 ct
843 969 989 1052 inprimis
1001 968 1145 1036 liluodlc*

47 1096 121 1141 rum
141 1083 300 1142 contemtu
315 1078 449 1143 Athenis
464 1058 625 1142 obtinente
638 1079 735 1141 verbs
748 1078 1017 1161 interjicerentnr.
1046 1078 1147 1161 Quen

48 1188 91 1249 sd
112 1189 297 1250 sententium
325 1186 523 1268 reliquorum
549 1205 694 1275 versuqm
724 1194 908 1269 argumento
928 1187 1027 1250 multo
1046 1189 1148 1271 megin

49 1294 243 1357 crediderim
263 1296 365 1357 virum
386 1294 600 1359 doctissimum
621 1294 790 1358 adductum
812 1314 901 1372 esse,
931 1315 1024 1375 quum
1044 1293 1149 1357 incili·

48 1409 116 1465 tute
135 1396 254 1488 ῥόδοις
281 1403 424 1466 vocabuli
451 1404 484 1465 in
512 1405 617 1486 primo
638 1422 730 1467 versu
751 1422 823 1467 cum
840 1397 987 1475 Ῥοδίοις
1008 1422 1149 1467 commu·

47 1512 146 1574 nudi.
198 1513 381 1592 Quanquam
406 1514 586 1596 Stephanus
612 1514 782 1577 ridiculum
812 1533 882 1576 esse
902 1515 1148 1589 existimarent,

47 1622 74 1683 sl
95 1623 149 1683 cul
171 1612 288 1704 ῥόδοις
310 1639 368 1683 vor
388 1629 536 1702 suspects
556 1641 661 1685 ensem
682 1623 853 1703 praeberet
877 1622 917 1683 de
938 1619 1074 1684 Rhodiis
1094 1618 1147 1683 vel

48 1728 87 1790 de
108 1727 225 1789 Rhodo
247 1729 417 1810 cogitsudl.
451 1731 601 1793 Ceterum
615 1731 830 1808 Buttmsunus,
852 1732 907 1809 qni
926 1729 1057 1792 eundem
1072 1746 1146 1793 cum

46 1835 227 1898 Hermsnn'o
247 1837 344 1900 hebet
364 1839 551 1901 sententium
574 1838 614 1899 de
628 1838 755 1901 Rhodio
774 1838 909 1919 qnodsni
929 1840 980 1905 luis
1000 1837 1145 1902 versibus

46 1945 142 2006 serbe
161 1943 319 2020 inolente,
339 1946 424 2008 illum
447 1949 662 2030 conjecturem
682 1949 810 2009 minime
831 1948 1039 2010 necesssrlsm
1060 1947 1146 2009 subi-
1227 2014 1231 2023 ,

47 2055 167 2131 tratur,
192 2055 275 2134 quod
298 2054 426 2117 celebre
448 2054 530 2117 Solis
550 2054 666 2117 festum
688 2065 963 2119 commemorstnm
984 2054 1146 2117 Rhodium

49 2159 201 2238 quendem
221 2163 311 2242 loqui
331 2165 408 2225 setis
429 2168 578 2224 sccurnte
599 2164 767 2244 significet.
820 2163 953 2225 Etiamsi
974 2180 1051 2221 vero
1071 2162 1146 2223 luce

47 2265 161 2330 clsrlus
183 2276 321 2350 sppsret
341 2270 382 2330 de
395 2268 595 2330 Rhodiorum
614 2269 696 2330 Solis
718 2269 815 2344 cultu,
837 2268 891 2346 qui
912 2267 1031 2329 ceteris
1044 2265 1146 2327 Gree-

46 2376 89 2437 cls
109 2375 248 2436 fortusse
275 2376 389 2436 nimios
419 2373 605 2447 videretur,
638 2392 815 2434 sermonem
843 2392 913 2435 esse
942 2392 1075 2453 eumque
1104 2372 1145 2435 uls

45 2498 172 2544 esussm
193 2482 233 2543 ils
253 2480 397 2555 irrideri,
417 2483 451 2539 in
474 2496 542 2538 eum
563 2485 665 2540 tumen
687 2481 795 2561 potius
812 2479 934 2542 decedo
947 2482 1146 2561 sententium,

47 2608 105 2669 qus
126 2587 354 2651 Atheniensem
384 2586 434 2647 vel
456 2586 550 2648 elium
568 2587 728 2667 'quendem
751 2588 907 2653 Grsecum
927 2589 1036 2653 Rhodi
1057 2608 1145 2655 eom-

46 2701 217 2758 norontem
238 2692 324 2755 istud
346 2692 428 2756 Solis
456 2695 556 2776 msjus
576 2695 713 2758 studium
734 2697 799 2758 sele
819 2697 1000 2779 perfricare
1021 2700 1144 2782 cogite·

46 2821 118 2867 mus.
159 2803 224 2864 Pro
254 2803 428 2865 certissimo
457 2804 540 2865 enlm
567 2805 767 2868 statuendum
796 2825 866 2870 esse
894 2808 1021 2870 ridetur
1042 2806 1141 2870 hosce

48 2928 122 2991 qnos
149 2911 340 2973 illustremus
367 2929 477 2974 sersus
505 2911 590 2975 iorte
616 2912 745 2977 iortuns
772 2914 857 2978 hunc
883 2917 916 2977 in
937 2917 1042 2978 locum
1063 2916 1142 2979 reli·

48 3021 185 3098 quiscum
207 3019 535 3097 [δίοιοιιιοῐιίιιιοιιιιιι1
550 3023 766 3104 immigrasse,
800 3025 845 3085 ite
873 3029 910 3084 ut
937 3024 1027 3086 nobis
1056 3022 1141 3085 uuile

45 3130 214 3191 uecessltss
234 3130 381 3211 impositu
401 3148 472 3192 esse
494 3138 647 3211 sppsrest
672 3131 713 3193 de
734 3131 929 3192 Athensrum
949 3131 1030 3191 urhe
1051 3131 1151 3210 cogi·

45 3235 148 3303 teudi..
178 3237 276 3320 Cujus
296 3239 474 3307 sententiae
506 3238 547 3298 de
567 3239 702 3299 veritate
723 3237 862 3298 Nsekius
883 3242 978 3312 etque
1000 3236 1142 3298 0srnuus

45 3344 120 3406 utut
148 3345 225 3407 sstls
252 3349 496 3424 persuaserunt,
534 3360 711 3421 qumquem
739 3340 820 3401 slter
852 3339 982 3400 eltersm
1009 3341 1140 3421 inipso

45 3430 136 3514 νόοιο
157 3451 378 3515 constituendo
400 3455 527 3511 secutus
548 3455 598 3510 est
624 3449 789 3509 retiouem.
837 3447 980 3526 Namque
1000 3447 1141 3511 Nsekius

47 3576 125 3637 quse
144 3560 206 3622 riri
228 3560 315 3623 docti
336 3561 378 3622 de
399 3560 483 3623 omni
504 3557 566 3620 hoc
587 3558 658 3619 loco
689 3554 908 3638 exposuissent
929 3575 1038 3621 eorum
1059 3556 1140 3621 uilnll

46 3668 103 3732 stit
123 3669 217 3751 pisus
238 3671 369 3752 placere
388 3668 553 3752 prodesses
573 3685 697 3729 versum
719 3667 855 3748 primum
870 3665 965 3729 telem
978 3667 1138 3732 exltibultt

47 3766 128 3866 οὔτι)
148 3772 249 3852 πόλις
270 3771 345 3841 ἐσθ’
363 3768 514 3866 Ἑλληνὶς
536 3774 556 3863 ἡ
580 3766 698 3864 ῥόδων
719 3772 836 3864 δίκην,
867 3777 1012 3857 sequenti
1031 3783 1138 3841 sutem

47 3901 152 3964 omn,
187 3888 282 3950 sicuti
309 3887 503 3968 antiquiores
532 3904 676 3967 quoque,
712 3891 861 3966 queutnm
889 3885 1038 3967 equidem
1057 3888 1136 3965 scio,

45 4000 171 4073 prseter
187 3986 382 4077 Stephsnum
402 4014 509 4058 omnes
530 3995 681 4073 editores,
701 3985 832 4075 ἔχουσα
853 3995 886 4056 in
905 3995 1045 4057 medium
1060 4013 1137 4075 pru·

35 4090 127 4163 'ulis
153 4102 218 4167 Per
240 4093 325 4191 αὕτη
346 4103 530 4166 vocobulum
550 4101 697 4165 Rhodum
717 4103 888 4184 significari
909 4103 1028 4177 ststuit,
1049 4095 1137 4178 quod

46 4221 154 4272 nmen
174 4204 271 4275 etism
291 4231 351 4292 per
372 4202 490 4296 ῥόδων
519 4213 746 4292 respiceretur.
793 4213 975 4289 Qunnqnsm
1006 4224 1082 4268 vero
1113 4199 1134 4292 ἡ
1223 4260 1226 4265 ,

47 4307 161 4398 ῥόδοις
180 4308 255 4405 ἴσην
278 4311 446 4381 Edonias
469 4319 623 4399 explicari
650 4326 745 4399 utque
767 4319 887 4398 optime
910 4313 1039 4376 delendi
1060 4332 1135 4396 pos·

46 4429 89 4487 et
107 4430 144 4487 et
163 4425 339 4507 simplicior
368 4427 536 4487 verborum
566 4428 718 4489 existeret
747 4426 925 4506 conjunctio
956 4442 1046 4504 quum
1068 4418 1137 4487 ldo'·

45 4533 195 4595 noricum
225 4534 309 4614 quod
340 4536 522 4614 suspicione
548 4555 610 4599 nou
639 4542 764 4597 cureret
794 4527 902 4616 κόμαι
923 4528 1135 4617 Χαρίτεσσιν

10 4670 17 4683 -
45 4628 181 4723 ὁμοῖαι,
204 4639 247 4701 ci.
267 4640 360 4703 llum.
379 4641 415 4704 Il.
437 4662 472 4726 ρ,
494 4641 561 4720 δι,
581 4642 808 4724 simpliciorem
828 4646 932 4704 temen
953 4648 987 4704 et
1008 4641 1135 4724 uleguu⁴

10 4794 20 4833 n
42 4742 156 4812 tisrsu
167 4746 310 4819 linoltus
330 4751 453 4816 censuit
471 4751 662 4835 scripturum
678 4748 822 4834 vidqutse
835 4746 1000 4837 lectiootq'
1015 4735 1134 4835 ῥόδοις

885 4860 983 4938 tl·

24 5060 38 5203 ἰ
