2610 5228
429 786 523 797 --
576 750 646 826 :tet
702 784 797 798 --

65 942 169 1021 ivi,
197 943 266 1007 init.
296 942 455 1007 doliture
484 944 598 1009 incolis
623 938 883 1028 ἀναγκάζονται
912 949 995 1028 γοῦν
1017 934 1075 1007 διοί
1099 932 1160 1029 τὴν

64 1044 271 1139 λαπρότγτα
292 1050 351 1138 τῆς
381 1058 438 1136 γῆς
457 1044 503 1117 τοί
531 1045 650 1118 πολλὰ
679 1050 955 1141 θαλαττουργεῖν
976 1052 1036 1118 καὶ
1064 1072 1159 1137 ταρι-

63 1164 162 1247 χείας
183 1157 415 1225 συνίστασθαι
435 1164 493 1228 καί
515 1154 626 1239 ἄλλας
646 1158 814 1239 τοιαύτας
836 1161 1009 1247 ἐργασίας.

126 1264 522 1351 προσπεπονθότες
547 1270 760 1359 πορθμοῖς
788 1270 828 1335 οι*
854 1263 1056 1337 πλεῖστοι
1087 1265 1160 1333 καὶ

64 1380 295 1461 νανπγγοῖ.
338 1379 366 1442 Δ
386 1378 542 1443 nonnuliis
554 1380 632 1443 viris
651 1380 754 1443 doctis
769 1387 843 1453 ταῖς
857 1369 952 1443 eard
974 1370 1161 1442 θάλατταν

64 1480 245 1569 ἐργασίαις
278 1486 376 1549 verbs
402 1506 473 1551 eum
508 1490 680 1571 participio
709 1480 1026 1571 προσπεπονθότες
1046 1488 1160 1570 junctu

61 1594 164 1657 inisse
171 1594 240 1677 jem
253 1612 351 1677 supro
363 1596 579 1660 enimsdserti.
621 1599 721 1677 Quem
733 1600 888 1661 ustionem
903 1597 1020 1661 ceteris
1032 1596 1074 1661 Η.
1088 1596 1160 1685 ¹Ste-

63 1700 188 1785 pirunus
216 1704 371 1785 praeivit,
399 1706 454 1786 qui
483 1724 578 1785 quum
606 1703 788 1789 πορθμοῖς
814 1707 970 1789 τοΙςοῖοιο
989 1704 1158 1767 lectionem

63 1808 108 1872 de
131 1808 217 1874 ireto
245 1816 300 1873 snt
331 1810 372 1873 de
392 1812 493 1894 ipsius
519 1811 598 1875 ireti
617 1812 754 1895 trejecto
783 1814 964 1897 intelligens
985 1810 1159 1876 defendere

62 1922 161 1999 etque
180 1918 340 2001 vuigsrem
360 1919 457 1983 verbs
469 1920 628 2003 jungendi
648 1922 803 1985 rstionom
816 1928 964 1987 recurste
983 1922 1076 2001 sequi
1095 1925 1162 1984 stu-

63 2024 203 2105 duisset,
231 2034 395 2110 preestsre
416 2034 521 2094 tumen
540 2028 658 2094 deinde
678 2030 843 2113 protessus
863 2037 928 2109 est,
956 2030 1160 2115 ιΙπροσπε-

60 2122 237 2208 πονθότες
257 2154 328 2199 cum
349 2134 455 2200 dutivo
479 2144 558 2213 ταῖς
576 2126 673 2201 κατοί
693 2132 879 2202 θοίλατταν
900 2132 1074 2220 ἐργασίαις
1095 2134 1161 2197 cot·

59 2242 223 2307 nasson
242 2250 277 2309 et
294 2262 357 2327 pro
370 2244 547 2333 πορθμοῖς
565 2245 800 2311 rescriberetur
819 2244 1003 2331 πορθμεῖς.
1045 2245 1161 2323 Quem·

59 2368 157 2431 qnnm
182 2350 269 2415 idem
299 2351 497 2417 doctissimus
524 2355 590 2433 vir,
616 2362 783 2437 cutequem
812 2374 882 2417 enm
910 2350 1160 2417 emendationem

59 2459 246 2541 proposuit,
273 2458 451 2543 πορθμοῖς
470 2462 504 2524 in
525 2457 714 2552 πορθμίοις
734 2466 929 2525 commutsre
949 2477 1085 2539 eumque
1105 2457 1162 2519 ds-

58 2564 160 2629 nrum
194 2584 265 2630 cum
303 2562 622 2650 προσπεπονθότες
656 2570 810 2652 copniure
839 2570 873 2632 in
910 2569 1013 2631 snimo
1041 2566 1161 2629 hebuit.

56 2670 203 2737 mmor·
222 2680 319 2755 etque
333 2674 456 2740 (icilius
474 2677 632 2759 vulgetsm
651 2678 820 2739 verborum
840 2674 1011 2739 lectionem
1031 2681 1066 2738 et
1085 2693 1162 2739 con·

50 2782 255 2867 junctionem
285 2790 497 2865 acceperuut3
524 2787 729 2849 Buttmsnuus
755 2804 833 2850 uero
854 2786 1070 2869 conjecturem
1089 2783 1161 2847 Ste-

53 2886 248 2973 phsnisnum
284 2891 520 2972 comprobavit,
562 2894 703 2975 quumvis
737 2895 861 2956 minore
900 2898 1022 2955 tentum
1059 2892 1160 2954 inter-

55 2998 234 3083 punctione
267 3005 343 3081 post
368 2993 677 3084 προοπεπονθότες
713 3001 883 3079 coliocsts,
921 3000 1162 3080 rectissimeque

53 3102 298 3180 snimsdrertit,
332 3126 425 3187 quum
458 3108 613 3170 concinne
639 3106 813 3192 πορθμοῖς
847 3107 1032 3169 roeebuinm
1064 3113 1161 3187 utque

54 3200 234 3295 νανπγγοί
264 3213 351 3295 juxte
379 3220 563 3295 poneretur.
609 3214 724 3297 Neque
751 3221 856 3277 tumen
886 3214 1013 3275 omnino
1042 3214 1162 3294 impro-

54 3316 195 3383 hunum
216 3320 341 3383 conenit
360 3321 564 3383 Buttmennus
585 3319 671 3403 quod
692 3319 798 3383 eidem
816 3318 979 3403 Stephano
1000 3320 1034 3381 in
1055 3324 1161 3381 mente

53 3428 160 3493 ntae
179 3429 314 3493 vidimus
334 3424 533 3515 πορθμίοις,
555 3446 731 3511 qnanusm
753 3428 879 3491 diverso
898 3427 993 3489 modo
1015 3426 1057 3489 de
1078 3444 1162 3487 mer·

54 3536 143 3603 cens
163 3537 395 3621 trajicientitsns
415 3537 517 3599 soluts
537 3536 710 3615 intellexit,
730 3532 914 3623 πορθμίοις
936 3550 1161 3617 προσπεπον-

54 3638 167 3721 θιίτες
194 3645 302 3728 tingue
327 3642 497 3707 verneeuls
524 3643 663 3707 reddens
692 3641 777 3726 „tint
799 3640 1044 3723 ititeoidrottiide
1064 3641 1161 3721 dssnti)

39 3752 115 3831 ,σοί
134 3748 362 3837 θίῖῧᾶίγτριίῖιτ
375 3749 508 3829 boieno“
529 3756 626 3833 etque
640 3751 726 3835 quod
747 3748 864 3815 deinde
885 3750 932 3833 de,
947 3750 1162 3815 Anthedonii·

54 3878 78 3925 e
106 3858 303 3923 Dicseurciro
332 3858 481 3941 proditur
509 3849 570 3947 τήν
600 3848 808 3935 πλεονεξίαν
837 3864 1014 3923 κατοικεῖν
1035 3854 1072 3921 ἑν
1091 3855 1161 3919 Ἀν-

57 3962 186 4057 θρῦόνι
207 3968 384 4032 conterens.
425 3968 582 4049 Equidem
598 3986 724 4053 qnoque
739 3968 894 4051 Stephani
909 3966 1160 4033 emendationem

53 4074 237 4165 πορθμοῖς
264 4076 497 4159 elegentissime
526 4075 702 4141 ecnubere
722 4078 839 4140 infitier
859 4096 922 4140 nou
947 4077 1076 4150 incrinus
1104 4092 1161 4137 no·

55 4185 228 4249 mnium
257 4192 363 4249 sutem
384 4204 455 4247 esse
481 4184 560 4248 mihi
580 4184 717 4249 nondum
738 4186 892 4269 persueei.
941 4180 1034 4263 Quod
1055 4188 1161 4244 sutem

56 4288 101 4355 ed
120 4288 312 4377 πορθμῖοις
332 4293 562 4374 suspicionem,
591 4310 650 4355 seu
670 4312 742 4355 com
763 4292 936 4373 Stephano,
957 4294 994 4351 ut
1012 4306 1084 4350 cum
1104 4308 1160 4352 nr-

55 4402 132 4463 turs
152 4402 240 4464 vocis
259 4402 342 4465 isene
363 4402 528 4479 convenit,
557 4398 599 4465 de
619 4402 767 4483 usrigiis,
792 4419 849 4463 sen
870 4416 942 4461 cum
962 4398 1161 4476 iinttmenuo,

56 4508 95 4571 id
117 4506 204 4589 qnod
226 4508 266 4571 de
286 4501 463 4597 πόρθμιον
492 4515 527 4571 et
555 4507 596 4571 de
615 4506 813 4593 πορθμεῖον
839 4504 1078 4586 comprobatum
1100 4510 1159 4583 est,

58 4614 103 4679 de
121 4616 275 4679 mercede
288 4620 413 4680 nunties
427 4619 686 4700 interpretemur,
699 4633 894 4697 meguopere
909 4588 1068 4695 dis'piicet
1098 4612 1160 4675 Ge·

57 4732 165 4789 ῖοτοιο
196 4744 292 4809 quum
312 4725 409 4791 verbe
435 4716 479 4788 τοί
502 4720 531 4789 δ’
557 4717 650 4810 ἄκρα
679 4722 751 4789 τῶν
773 4710 910 4805 ὀνύχων
931 4719 1158 4803 καταβεβρω·
