2610 5228
430 750 799 836 -197--2

66 956 167 1016 vertit
179 954 322 1031 rabulae,
342 952 513 1018 causidicis
526 954 839 1019 Latinornm'rshulis
853 956 954 1021 sitatis
969 957 1011 1021 ct.
1026 958 1162 1021 cronon

66 1062 184 1123 thestr.
205 1063 338 1143 sophist
359 1083 391 1144 p.
414 1061 486 1124 156.
527 1064 565 1127 Δ.
584 1063 715 1126 Boeckh
735 1064 757 1126 Ι.
777 1065 799 1126 Ι.
828 1085 863 1146 p.
881 1064 955 1129 424.
994 1066 1164 1129 idudsonas

65 1168 282 1250 Theophrasti
303 1170 391 1233 char.
410 1192 431 1257 η
452 1170 615 1252 sliegsrit,
646 1172 700 1235 uhi
720 1173 800 1235 haec
821 1174 970 1254 teguntur
990 1175 1102 1236 aerhs:
1139 1172 1162 1259 η’

67 1266 110 1339 δὲ
130 1269 318 1359 λογοποιῖα
340 1270 412 1341 ἔστι
433 1268 589 1349 σόνθεσις
611 1278 752 1363 ψευδῶν
773 1275 888 1362 λόγων
909 1284 969 1343 καῖ
984 1272 1162 1365 πράξεων,
1270 1330 1274 1337 .

68 1364 122 1446 ὦν
147 1376 313 1457 βούλεται
340 1381 360 1448 ὁ
388 1380 601 1469 λογοποιῶν.
644 1389 826 1451 Hotatenins
851 1379 1081 1471 λογογράφος
1102 1408 1163 1471 per
1289 1456 1301 1467 ,

68 1482 238 1577 σοφιστάς
251 1496 478 1576 interpretatus
491 1503 542 1559 est
554 1495 651 1559 Suidn
664 1502 746 1559 teste
760 1496 873 1559 altato:
895 1495 1045 1561 ἀπατυῖν
1060 1486 1160 1579 παρά

67 1592 109 1663 τό
131 1596 359 1685 σοφίζεσθαι,
388 1592 410 1665 ό
429 1600 502 1668 ε’στι
522 1595 640 1687 λόγοις
661 1599 814 1687 ἀπατηῖν.

149 1708 340 1786 σείοντες
360 1714 580 1791 verberantes,
601 1716 830 1795 percutientes,
848 1715 976 1795 tropico
997 1714 1161 1795 interpre-

65 1817 193 1879 tandum
228 1838 330 1883 sensu.
387 1822 483 1903 Apud
515 1826 711 1904 posteriores
747 1824 922 1904 scriptores
956 1828 992 1884 ut
1030 1822 1162 1885 verbam

69 1934 298 2011 συκοφαντεῖν
327 1928 368 1990 de
397 1933 597 1993 accusatione
618 1930 696 1992 iolsc
716 1929 768 1993 rel
788 1930 924 2013 maligna
946 1930 1066 2012 legitur
1086 1949 1162 1993 oon-

67 2040 115 2095 trs
134 2034 270 2116 aliquem
297 2037 508 2115 instituendo,
543 2040 597 2118 qui
626 2038 777 2101 mulorum
804 2039 920 2099 artium
955 2043 1041 2099 metu
1072 2038 1162 2099 litem

69 2142 186 2205 solvere
208 2145 408 2225 plerumque,
417 2147 600 2227 cogebatur.
630 2146 806 2226 Coniuncto
826 2146 1035 2225 reperiuntur
1057 2142 1161 2205 σείειν
1197 2156 1199 2160 ’

70 2254 100 2310 ct
114 2257 346 2335 συκοφαντεῖν
367 2253 454 2332 apud
467 2252 712 2331 Aristophanem
726 2259 760 2313 et
772 2252 992 2331 Antiphonem,
1014 2250 1056 2310 ci.
1070 2250 1164 2311 Phot.

70 2375 98 2437 p.
117 2358 184 2420 oto
215 2364 327 2420 σεῖσαι
354 2349 397 2419 τό
429 2357 695 2443 συκοφαντῆσαι
722 2350 793 2419 ἀπὸ
821 2357 894 2421 τῶν
916 2347 962 2419 τά
982 2346 1164 2441 ἀκρόδρυα

68 2456 250 2527 οειόυτυιν.
299 2460 525 2553 Τηλεκλείδης
543 2453 800 2551 Ἀμφικτυόσιν·
838 2460 918 2529 ἀλλ’
949 2461 997 2541 ἀς
1016 2457 1164 2529 πάντων

67 2566 102 2632 δε
131 2544 220 2633 τάνι
234 2568 368 2653 ληίστοι
396 2580 506 2636 σεῖσαι
535 2574 597 2637 καὶ
626 2564 932 2658 προσκαλέσαυτες
952 2559 1162 2637 παύσασθαι

66 2676 173 2743 δικῶν
194 2671 464 2765 ἀλληλοφάγον.
489 2672 737 2769 Ἀριστοφάνης
758 2674 1010 2745 Δαιταλεῦσιν·
1037 2674 1160 2758 ἔσειον,

67 2780 169 2873 ᾔτουν
191 2783 362 2875 χρήματ’,
385 2782 567 2874 ἠπείλουν,
597 2783 858 2874 ἐσυκοφάντουν
880 2778 997 2853 πάλιν.
1038 2789 1161 2851 Eadem

66 2895 150 2977 spud
172 2896 299 2958 Suidsm
320 2897 469 2979 teguntur
490 2905 513 2960 t.
534 2900 591 2975 ΙΙΙ,
614 2920 646 2981 p.
666 2898 744 2977 8⁰5,
768 2902 829 2962 uisi
851 2898 936 2979 quod
957 2899 1060 2979 priori
1081 2900 1161 2978 poi·

66 3008 117 3065 tae
138 3004 251 3066 comici
272 3004 344 3067 ioco
367 2996 485 3068 ἀλλων
508 2999 654 3071 πάντων
677 2995 717 3069 δέ
739 3010 917 3084 exhibetur,
938 3027 999 3087 pro
1015 3024 1078 3085 quo
1092 3007 1161 3066 sine

67 3109 162 3173 dnhio
183 3099 304 3174 ἀλλων
334 3104 374 3173 δὲ
403 3103 549 3177 πάντων
578 3115 817 3177 rescribendum
839 3122 897 3175 est.
939 3112 1161 3190 Aristophanis

65 3234 142 3281 roro
162 3218 259 3281 rerba
278 3220 450 3283 Kuesterus
471 3229 564 3283 recte
584 3225 705 3283 monuit
725 3224 772 3282 its
790 3218 988 3280 restituendo
1009 3235 1099 3277 esse:
1120 3248 1161 3261 -

66 3319 249 3411 η’πείλουν,
270 3319 373 3391 πάλιν
392 3318 681 3410 Ὲσυκσφάυτουν.
713 3328 886 3387 Praetereo
899 3323 941 3384 of.
954 3323 1030 3383 Luc.
1044 3322 1162 3401 Evsng.

65 3434 126 3511 ΙΙΙ,
147 3434 190 3497 14
213 3425 347 3522 μηδένα
368 3432 561 3521 διασείσητε
581 3423 669 3521 μηδὲ
691 3424 987 3516 συκοφαντήσητε.
1022 3426 1162 3506 Hesych.

65 3541 202 3619 hmo.
222 3543 262 3621 ΙΙ,
275 3542 367 3604 1166.
383 3540 476 3604 1165.
499 3540 661 3605 διασειέν.
694 3539 800 3601 Schol.
822 3539 861 3599 od
882 3538 1003 3617 Equiti.
1024 3534 1162 3597 66166.

65 3648 138 3713 w.
156 3651 229 3715 566.
250 3659 439 3730 concutere,
460 3652 614 3715 columnia
634 3649 775 3712 afficere.
817 3648 936 3711 Ultimo
957 3647 1050 3709 loco:
1079 3633 1161 3719 τοός

67 3757 278 3843 καρπίμους,
315 3750 395 3834 τοὺς
427 3747 598 3843 εὐπόρους
619 3762 691 3823 τιῦν
722 3751 832 3834 ξένων
864 3756 1040 3831 διασείεις,
1078 3744 1162 3829 τοός

68 3859 252 3939 πλουσίους
284 3867 344 3927 καῖ
375 3863 626 3948 εὐποροῦντας.
668 3866 704 3928 Ι).
725 3867 833 3929 ΙΙεΙοε.
857 3884 961 3926 exerc.
981 3864 1013 3926 5.
1034 3884 1066 3945 p.
1089 3860 1161 3923 125.

70 3970 173 4035 Voles.
198 3974 231 4035 in
253 3974 410 4054 Harpocr.
441 3993 470 4035 τ.
500 3972 701 4048 ἀνασείσας.
744 3973 922 4054 Stephanus
951 3979 1093 4033 nostrum
1123 3967 1163 4027 ad

69 4078 173 4143 locum
193 4080 611 4155 hicsesrchionum'osae'cw,
642 4083 669 4143 si
691 4100 751 4162 pro
773 4084 1005 4163 συκοφαντεῖν
1025 4075 1164 4155 positum

69 4189 256 4252 testimoniis
276 4191 406 4272 probari
425 4210 487 4253 uon
501 4200 620 4272 posset,
641 4209 702 4271 per
716 4186 887 4253 ἀνασείειν
902 4185 1056 4266 explicari
1069 4196 1165 4263 posao

70 4294 220 4372 credidit,
239 4296 279 4358 ad
299 4317 353 4358 res
373 4317 468 4361 novos
488 4299 669 4360 sollicitere.
704 4299 837 4360 Rectius
857 4295 942 4357 idem
965 4288 1164 4352 doctissimus

69 4404 116 4467 ur
133 4406 354 4486 metaphoram
374 4396 449 4468 ἀπὸ
469 4407 542 4468 ‘cciv
564 4396 609 4467 τά
631 4395 812 4487 ἀκρόδρυα
836 4396 1002 4462 σειόυτων
1027 4396 1073 4459 ita
1092 4396 1165 4460 illu-

68 4514 196 4589 mrit,
227 4520 279 4589 ut,
311 4513 569 4594 quemadmodum
591 4515 698 4577 arbori
720 4511 844 4591 quoties
865 4510 1086 4572 succuteretur
1106 4505 1163 4567 aii-

69 4636 130 4701 σοι
147 4620 312 4683 tractuum
332 4640 406 4701 pors
428 4620 610 4698 decideret,
632 4623 679 4683 sic
701 4619 749 4680 ilii
771 4618 825 4697 qui
846 4634 865 4678 a
885 4614 1089 4698 sycophantia
1110 4630 1164 4673 ex·

66 4720 265 4805 optinentur
285 4740 349 4787 non
368 4720 508 4787 solerent
527 4722 596 4787 sine
609 4722 714 4804 shqna
726 4718 881 4785 honorum
893 4732 1020 4783 suornm
1036 4715 1163 4799 iactura
