2610 5228
460 751 557 766 ,-
611 707 686 787 407
738 753 835 766 ..-

101 904 209 971 bulum
232 897 320 991 ’ὄρος
351 903 437 968 {duur
457 906 634 969 sexcenties
654 852 873 968 moleutlsrrn'm
904 905 998 969 modu
1019 907 1194 989 repetitum

102 1014 170 1078 τοῦ
200 1005 241 1076 δὲ
269 1006 389 1097 ὅρους,
420 1020 493 1077 πάν
518 1003 557 1076 δέ
579 1010 651 1076 ἑστι
671 1003 712 1076 τό
736 1007 837 1098 όρος,
865 1008 989 1100 φόεται
1017 1013 1053 1076 δ’
1082 1010 1120 1079 έν
1141 1013 1194 1098 τῷ

103 1112 198 1204 ὄρει,
218 1119 379 1205 ποταμοὶ
406 1110 444 1183 δέ
467 1109 523 1182 διά
546 1119 610 1185 τοῦ
632 1115 757 1213 ὄρους,
775 1117 835 1207 έπ’
858 1115 969 1204 ἄκρας
990 1112 1029 1183 δέ
1048 1120 1110 1204 τῆς
1130 1121 1194 1184 τοδ

103 1222 210 1313 όρσος
241 1223 399 1315 κορυφῆς
433 1237 466 1292 τί
497 1232 544 1294 εἰσ
574 1251 681 1312 pnrrn.
738 1214 947 1312 Bruerptnrir
978 1242 1082 1293 nutem
1116 1233 1194 1294 vitiu

100 1337 238 1414 fautum,
259 1345 294 1400 ut
315 1337 454 1400 nonnulli
475 1338 539 1402 Ιονί
560 1349 857 1420 corrumperentur,
879 1341 962 1401 sicut
983 1340 1055 1416 ure,
1076 1341 1107 1402 iu
1131 1360 1194 1419 qun

100 1455 274 1531 rupurrunt
294 1449 389 1510 verbu
403 1447 517 1511 δοκεῖν
538 1438 628 1530 έχειν
649 1444 850 1513 ἐπικίνδυνα
872 1455 960 1512 extra
975 1467 1098 1510 omnem
1118 1466 1196 1512 εοιι-

99 1573 216 1618 nexum
237 1555 399 1618 οοΙΙοεοίε.

179 1652 255 1726 ’Ότι
277 1653 318 1725 τό
341 1653 558 1752 καλεόμενον
582 1654 713 1748 Πήλιον
742 1655 825 1745 ὄρος
852 1654 942 1752 μέγα
970 1657 1001 1725 τ’
1032 1660 1106 1726 έστλ
1131 1646 1195 1726 καί

101 1765 249 1845 ὑλῶδες,
270 1768 400 1853 δένδρα
421 1763 501 1854 έχον
523 1769 683 1833 τοσαῦτα
704 1762 943 1856 καρποφόρα,
965 1759 1033 1832 ὅσα
1055 1768 1114 1859 καλ
1133 1761 1196 1845 τάς
1285 1811 1288 1817 -

101 1877 179 1944 ταῖν
200 1871 475 1964 γεωργουμένων
504 1877 685 1966 συμβαίνει
706 1873 837 1963 χώρας.
880 1879 946 1943 τοῦ
972 1870 1011 1942 δέ
1039 1875 1146 1964 ὄρους
1173 1879 1195 1968 ἠ

61 1987 67 1997 “
99 1985 244 2075 μεγίστη
260 1988 319 2051 καί
333 1978 535 2075 λασιωτάτη
551 1985 631 2075 ῥίζα
647 1987 709 2074 τῆς
730 1982 869 2063 πόλεως
888 1977 979 2053 κατά
998 1979 1061 2075 μέν
1081 1983 1197 2053 πλοῦν

101 2086 132 2172 ζ
155 2083 277 2178 άπέχει
300 2089 437 2173 στάδιοι,
457 2093 545 2183 πεζῇ
567 2085 665 2160 δέκ’.
708 2097 783 2160 πάν
805 2089 843 2160 δέ
862 2092 937 2159 ἔστι
959 2088 1000 2159 τό
1024 2090 1110 2180 ὄρος
1128 2117 1196 2186 μα·

98 2195 233 2278 λακόυ,
261 2194 448 2288 γεάλοφόν
476 2221 515 2267 τε
545 2202 606 2268 καὶ
632 2197 852 2289 πάμφορον·
880 2195 962 2290 όλης
983 2201 1020 2266 δ’
1040 2199 1078 2289 >έν
1100 2201 1197 2287 αὐτῷ

99 2314 177 2374 πᾶν
199 2303 325 2391 φόεται
351 2300 469 2392 γένος·
495 2302 658 2398 πλείστην
685 2308 720 2372 δ’
744 2301 849 2397 όξόην
878 2305 947 2391 ἔχει
974 2312 1034 2376 καί
1056 2303 1197 2400 ἐλάτην,

102 2409 332 2504 σφένδαμνόν
354 2436 391 2481 τε
405 2418 465 2482 καί
480 2411 612 2499 ζυγιάν,
632 2412 684 2481 έτι
699 2409 738 2480 δέ
751 2410 967 2502 κυπάρισσον
981 2419 1042 2482 καί
1056 2413 1196 2503 κέδρον·

101 2515 177 2588 ἔστι
198 2523 230 2589 δ’
253 2521 288 2588 έν
310 2523 409 2605 αὐτῷ
430 2527 491 2589 καί
510 2519 617 2612 ἄνθη,
648 2521 695 2589 τά
718 2544 754 2589 τε
776 2518 884 2608 άγρια
905 2514 1109 2610 καλοόμενα
1130 2519 1196 2589 λεί-

101 2649 166 2716 ρια
187 2632 248 2698 καί
268 2628 441 2712 λυχνίδες·
462 2636 591 2716 γίνεται
613 2625 645 2695 δ’
668 2629 704 2696 έν
726 2627 895 2714 αὐτῷκαὶ
916 2621 1050 2716 βοτάνη
1074 2627 1109 2696 έν
1123 2640 1198 2710 τοῖς

93 2727 293 2833 ιχερσοίδεσι
312 2731 463 2828 μάλιστα
477 2738 621 2824 χωρίοις
641 2739 701 2805 καὶ
722 2735 846 2805 PIZA
864 2734 1112 2806 ΔΕΝΔΡΟΥ
1125 2731 1199 2829 η’τις

100 2856 176 2916 τῶν
193 2843 313 2933 ὄφεων
330 2844 493 2933 δήγματα
509 2836 608 2914 ι’άται
619 2844 827 2916 ΔΟΚΕΙΝ
835 2841 996 2916 ΕΧΕῙΝ
1007 2842 1197 2916 EIHKIN·

101 2953 265 3036 ΔΥΝΛ,
294 2948 375 3044 τοίις
396 2948 460 3041 μέν
488 2948 525 3023 έκ
547 2955 609 3044 τῆς
636 2948 758 3043 χοίρας
779 2955 817 3021 έν
846 2939 1023 3043 ᾖπέφνκε
1045 2957 1087 3043 τῇ
1108 2954 1199 3045 όσμῇ
1259 2990 1261 2993 v

101 3053 246 3151 μακρόν
267 3059 478 3142 άπελαόνει,
507 3061 587 3141 τοὺς
616 3056 655 3128 δέ
675 3059 885 3150 ἁψαμένους
913 3061 1020 3144 αὐτῆς
1043 3061 1205 3148 άναιρεῖ·Ι

100 3165 273 3254 τοιαύτην
294 3161 355 3257 τὴν
376 3161 521 3260 δύναμιν
543 3165 624 3252 έχει,
646 3180 721 3248 τοῖς
742 3169 779 3234 δ’
800 3162 1009 3256 άνθριόποις
1024 3169 1125 3258 ἡδεῖα
1139 3190 1200 3235 κα-

101 3283 335 3365 ταφαίνεται·
364 3280 406 3367 τῇ
432 3280 497 3343 τοέ
518 3276 638 3366 θύμου
667 3271 733 3364 γάρ
765 3277 859 3344 ἔστιν
888 3278 1086 3355 ἀνθοῦντος
1107 3275 1201 3366 όσμῇ

103 3383 357 3473 παραπλησία,
385 3375 468 3462 τοός
497 3378 536 3450 δέ
565 3380 756 3475 δηχθέντος
783 3382 846 3470 ὑφ’
877 3381 1058 3450 οὑποτοῦν
1080 3378 1200 3471 ὄφεως

102 3491 143 3560 έν
166 3485 249 3579 οἴνηι
264 3495 413 3560 δοθεῖσα
435 3485 583 3580 ὑγιάζει·
606 3489 732 3583 φόεται
753 3490 784 3559 δ’
808 3491 844 3559 έν
867 3495 918 3578 τῷ
940 3488 1014 3580 ὄρει
1035 3497 1094 3558 καὶ
1115 3516 1199 3581 κοιρ-

103 3597 175 3680 πός
187 3592 343 3691 ἀκάνθης
358 3613 435 3680 ταῖς
448 3600 583 3681 λευκαῖς
596 3599 846 3691 παραπλήσιος
857 3595 1020 3694 μόρτοις·
1043 3595 1085 3667 ὃν
1108 3595 1199 3668 όταν

101 3730 156 3786 τις
186 3715 312 3797 τρίψας
342 3708 448 3794 έλαίῳ
477 3714 687 3794 καταχρίσαι
717 3703 759 3776 τὸ
790 3719 915 3798 σῶμα,
944 3711 1011 3774 τοῦ
1036 3713 1199 3797 μεγίστου

102 3819 277 3908 χειμῶνος
298 3814 340 3884 οὑ
361 3808 531 3908 λαμβάνει
552 3810 615 3906 την
636 3817 843 3908 ἐπαίσθησιν
866 3807 886 3904 ἢ
909 3805 1000 3882 πάνυ
1015 3816 1200 3906 βραχεῖαν,

104 3924 185 4005 οὐδ’
207 3919 252 3993 οἷν
273 3925 309 3992 έν
330 3926 382 4011 τηί
402 3917 498 4014 θέρει
519 3926 583 3991 τοῦ
603 3921 784 4014 καύματος
806 3919 1025 4012 καταμάθοι,
1048 3920 1200 3992 κωλύου-

102 4055 167 4112 τος
186 4036 252 4101 τοῦ
273 4029 460 4124 φαρμάκου
483 4035 528 4123 τῇ
547 4032 657 4100 αὑτοῦ
671 4030 844 4102 πυκναίσει
866 4025 928 4101 τόν
950 4026 1086 4113 έξωθεν
1109 4025 1200 4118 άέρα

102 4144 309 4210 διῖκνεῖσθαι
339 4151 404 4209 τοῦ
439 4139 614 4235 συίματος.
650 4136 795 4220 σπάνιος
828 4139 860 4207 δ’
866 4141 983 4234 ,ἐστίν
1010 4142 1030 4204 ό
1061 4132 1201 4226 καρπός

105 4232 213 4330 οὗτος
235 4254 297 4317 καί
318 4251 355 4319 έν
378 4240 537 4338 φάραγξι
559 4256 617 4317 καί
639 4248 674 4316 έν
696 4243 826 4326 τόποις
841 4245 1015 4341 φυόμενος
1036 4241 1201 4338 έπικρῆμ

103 4381 189 4438 νοις,
212 4352 303 4426 α’ίοτε
324 4355 426 4449 μόλις
446 4352 510 4448 μέν
533 4354 657 4446 εὑρεῖν,
680 4349 725 4424 άν
747 4356 782 4422 δ’
803 4347 885 4445 εόρη
899 4376 960 4434 τις,
980 4347 1026 4447 μη
1050 4353 1201 4442 είχερυδς

106 4464 284 4534 δόνασθαι
305 4469 452 4546 λαβεῖν,
474 4460 519 4536 ἂν
540 4467 573 4534 δ’
596 4467 752 4554 ἐπιχειρῇ
773 4460 975 4554 λαμβάνειν,
996 4457 1201 4532 κινδυνεόειν

61 4556 69 4569 ’
102 4567 179 4642 ἀπό
209 4577 282 4643 τῶν
312 4587 449 4663 πετρῶν
477 4567 777 4644 κατακυλισθέντα
807 4574 1068 4662 διαφθαρῆναι·
1106 4570 1202 4664 μένει
1278 4626 1281 4633 ,

103 4683 140 4748 δ’
174 4686 194 4772 η
230 4684 377 4775 δόναμις
403 4678 469 4766 έως
496 4683 678 4765 ἐνιαυτοί,
707 4683 934 4773 χρονισθείτα
964 4680 996 4750 δ’
1026 4678 1201 4749 ἀπόλλυσι

1104 4968 1130 5001 4.
