2610 5228
457 768 826 841 ..143-

97 954 379 1051 προοπάθεια
399 954 508 1049 πρὸς
533 947 685 1046 κίρδος
715 955 763 1022 ού
793 947 967 1042 φύεται,
1001 947 1183 1038 χαλεπόν

100 1062 218 1159 παρά
236 1066 411 1147 τούτοις
439 1065 687 1153 ἐγγίνεσθαι
715 1068 939 1154 πονηρίαν.
959 1064 1117 1133 ἐντεῦθεν
1137 1065 1186 1143 είς

103 1170 284 1256 Πλαταιὰς
304 1172 433 1245 στοίδια
454 1165 500 1242 ά·
531 1168 619 1255 ὁδός
639 1174 748 1265 η’συχῇ
767 1170 830 1267 μλν
852 1171 981 1265 ίρημος
1002 1177 1063 1243 καί
1082 1167 1188 1241 λιθιύ-

102 1292 177 1380 δης,
211 1286 444 1355 ἀνατείνουσα
472 1278 512 1351 δὲ
530 1279 622 1371 πρός
640 1277 701 1351 τόν
724 1281 950 1369 Κιθαιρῶνα·
987 1285 1029 1349 ού
1050 1282 1129 1351 λίαν
1150 1276 1190 1353 δλ

101 1390 307 1489 ἐπισφαλής.
329 1398 351 1484 η
371 1388 409 1462 δλ
430 1388 533 1473 πόλις
552 1386 645 1462 κατά
665 1388 727 1460 τόν
747 1394 946 1488 κωμῳδιοίν
960 1385 1109 1486 ποιητην
1121 1388 1189 1465 flo-

101 1509 286 1576 σείδιππον

82 1660 89 1667 -
200 1619 283 1683 ναοί
303 1610 366 1680 δύο
389 1614 455 1681 εἰσί
474 1618 536 1682 καῖ
557 1606 649 1680 στοά
669 1618 727 1681 καῖ
748 1609 903 1703 τοῦνομα

200 1724 260 1791 καὶ
280 1718 321 1789 τό
343 1722 533 1800 βαλανεῖον
553 1726 615 1791 καῖ
635 1716 676 1787 τό
697 1716 893 1811 Σαράμβου
916 1714 1033 1803 κλόος·

201 1826 244 1899 τὸ
263 1825 355 1899 πολύ
376 1825 439 1920 μὲν
460 1826 567 1919 ἀκτή,
589 1840 665 1909 τοῖς
685 1829 716 1897 δ’
736 1828 962 1919 Ἐλευθερίας
983 1822 1094 1911 πόλις.

101 1943 144 2009 οἱ
172 1932 217 2007 δὲ
242 1937 429 2009 πολῖται
461 1934 589 2009 ούδλν
623 1933 769 2029 ἕτερον
800 1937 948 2040 ἔχουρι
977 1936 1132 2027 λέγειν,
1167 1962 1189 2031 η

101 2043 172 2115 ότι
197 2049 432 2139 Ἀθηναίων
465 2050 575 2117 εἰσίν
605 2043 787 2119 ἀποικοι
813 2054 890 2119 καί
916 2042 982 2116 ότι
1003 2047 1192 2117 τιῦνἙλ·

102 2147 240 2243 λη’νων
261 2163 330 2225 καί
353 2153 525 2244 Περσυῖν
547 2156 643 2244 παρ’
667 2158 816 2235 αύτοῐς
837 2157 858 2244 ἡ
880 2154 990 2249 μάχη
1013 2147 1195 2241 ἐγένετο.

103 2263 169 2329 εἰσί
183 2256 222 2329 δὲ
232 2264 418 2353 Ἀθηναῖοι
431 2264 599 2330 Βοιωτοί.
622 2262 778 2329 ἐντεῦθεν
802 2263 849 2339 εἰς
869 2260 988 2352 Θήβας
1003 2256 1130 2331 στάδια
1143 2260 1178 2329 π
1186 2284 1195 2301 ·

104 2368 190 2446 οδὸς
211 2368 289 2435 λεία
307 2373 413 2432 πάσα
426 2377 491 2430 «καῖ
512 2368 688 2437 ἐπίπεδος.
717 2368 738 2447 ἦ
767 2364 808 2431 δὲ
837 2368 939 2440 πόλις
960 2368 995 2431 ἑν
1018 2360 1114 2457 με’σιμ
1135 2358 1201 2461 μὲνι

102 2482 169 2565 τῆς
192 2477 265 2541 τῶν
284 2472 463 2542 Βοιωτῶν
484 2478 594 2536 κεῖται
615 2457 743 2555 χώρας,
765 2462 826 2559 τὴν
847 2476 1053 2565 περίμετρον
1068 2472 1198 2561 ἔχουσα

105 2586 264 2652 σταδίων
285 2575 331 2647 α’·
366 2581 468 2671 πάσα
497 2569 537 2642 δὲ
565 2571 694 2669 ὁμαλή·
730 2578 918 2670 στρογγύλη
948 2575 1012 2669 μὲν
1040 2588 1093 2669 mi
1114 2584 1196 2677 σμγ’.

103 2716 205 2786 μασι,
228 2691 272 2778 τῇ
290 2685 383 2776 χρόᾳ
407 2680 446 2751 δὲ
464 2681 679 2775 μελάγγειος·
702 2686 833 2773 ἀρχαία
853 2684 915 2782 μὲν
937 2678 1042 2773 ούσα,
1065 2697 1198 2775 καινοῖς

106 2802 140 2867 δ’
164 2790 475 2891 ἐρ’ῥυμοτομημόνη
497 2789 559 2861 διά
579 2788 621 2861 τό
642 2803 712 2885 τρίς
732 2796 815 2890 η’δη,
848 2793 897 2879 υίς
918 2821 1025 2889 φασιν
1047 2803 1088 2868 αι’
1105 2804 1198 2869 ἱστο-

107 2911 197 2997 ρίαι,
232 2900 481 2995 κατεσκάφθαι
513 2898 572 2971 διά
594 2898 635 2971 τὸ
656 2903 768 2992 βάρος
789 2902 931 2997 κοίτην
953 2909 1196 3000 ὑπερηφανίαν

109 3020 180 3084 τοῖν
200 3008 470 3083 κατοικούντων.
492 3014 550 3079 καὶ
568 3010 793 3102 ἱπποτρόφος
807 3010 846 3082 δὲ
861 3016 998 3106 ἀγαθή·
1020 3010 1199 3105 κάθυδρος

107 3121 217 3203 πάσα,
239 3115 364 3207 χλωρά
384 3145 421 3190 τε
441 3124 501 3189 καὶΙ
514 3116 714 3210 γευίλοφος·
736 3118 944 3211 κηπεύματα
959 3118 1198 3208 ἓχουσαπλεῖ-

111 3252 178 3297 στα
198 3233 271 3297 τοῖν
296 3228 333 3296 ἑν
361 3233 403 3320 τῇ
428 3226 575 3295 Ἐλλάδι
606 3223 758 3295 πόλεων.
794 3231 863 3295 καὶ
893 3221 973 3315 γάρ
1006 3238 1200 3319 ποταμοὶ

110 3328 263 3427 ῥόουσι
283 3335 333 3403 δι’
363 3336 495 3425 αὐτῆς
525 3334 603 3401 δύο
626 3330 676 3400 τὸ
698 3333 981 3425 ἀποκείμενον
1003 3339 1052 3424 τῇ
1071 3328 1201 3405 πόλει

110 3446 265 3515 πεδίον
294 3449 379 3513 πᾶν
413 3434 682 3531 ἀρδεύοντες.
718 3437 901 3527 φόρεται
932 3435 977 3507 δὲ
1009 3446 1082 3507 καί
1113 3437 1200 3509 ἀπό

111 3559 181 3645 τῆς
201 3550 434 3647 Καδμείας
455 3544 567 3637 ύδωρ
591 3545 755 3638 ἀφανὲς
777 3542 849 3614 διά
871 3547 1078 3639 σωλήνων
1101 3548 1201 3639 ἀγό-

110 3683 237 3753 μενον
269 3656 349 3728 ἀπὸ
377 3655 568 3746 Κάδμου
600 3652 649 3724 τό
679 3654 890 3739 παλαιόν,
927 3658 981 3738 ω”ς
1009 3658 1200 3748 λέγουσι,
1234 3642 1243 3665 “

111 3764 525 3858 κατεσκευασμένον.
561 3759 666 3859 ἠμὲν
697 3752 759 3832 ούν
790 3765 891 3847 πόλις
921 3764 1074 3859 τοιαύτη.
1110 3774 1147 3839 οἱ
1165 3770 1201 3837 δ’

112 3876 327 3957 ἐνοικοῦντες
351 3871 591 3971 μεγαλόψυχοι
618 3878 678 3939 καὶ
704 3878 907 3965 θαυμαστοί
928 3888 1004 3956 ταῖς
1025 3873 1117 3945 κατὰ
1138 3877 1201 3946 τόν

112 3986 190 4062 βίον
218 3984 460 4063 εύελπιστίαις·
495 3987 641 4071 θρασεῖς
669 3977 707 4049 δὲ
735 3989 796 4051 καί
816 3983 979 4072 ὑβρισταί
1000 3994 1057 4053 καί
1078 3982 1202 4076 ὑπερη-

113 4115 236 4181 φανοι,
273 4092 425 4182 πλῆκταί
452 4114 489 4159 τε
518 4097 580 4157 καὶ
609 4087 806 4180 ἀδιάφοροι
833 4091 923 4179 πρὸς
950 4088 1072 4163 πάντα
1102 4088 1203 4173 ξένον

112 4208 171 4269 καί
200 4200 369 4293 δημότην·
405 4208 662 4269 κατανωτισταί
691 4197 825 4283 παντὸς
856 4205 1007 4271 δικαίου·
1039 4195 1130 4290 πρὸς
1158 4200 1201 4269 τά

113 4300 426 4402 ἀμφισβητούμενα
447 4314 520 4377 τῶν
543 4307 841 4404 συναλλαγμάτων
868 4313 910 4376 ού
932 4304 1025 4396 λόγῳ
1048 4304 1200 4378 συνιστά-

111 4441 228 4508 μενοι,
266 4413 329 4509 τὴν
350 4419 383 4485 δ’
413 4421 451 4487 ἐκ
479 4424 544 4486 τοῦ
570 4415 729 4505 θράσους
748 4422 808 4487 καὶ
830 4425 902 4484 τῶν
923 4422 1049 4504 χειροῖν
1071 4410 1201 4503 πιοῦσί·

112 4548 234 4611 γοντες
254 4528 348 4604 βίαν·
371 4522 416 4593 τά
437 4522 475 4593 δὲ
496 4536 570 4606 τοῖς
588 4526 758 4619 ἀθληταῖς
773 4527 809 4593 ὲν
825 4538 897 4604 τοῖς
910 4541 1077 4619 γυμνικοῖς
1091 4523 1202 4610 α’γοῒσι

112 4631 283 4725 γενόμενα
308 4628 394 4721 πρός
422 4629 548 4713 αύτούς
568 4637 668 4712 βίαια
691 4637 738 4712 εἰς
759 4628 820 4725 τήν
840 4636 1076 4725 δικαιολογίαν
1096 4654 1202 4724 μετα-

116 4740 295 4830 φέροντες.
319 4735 374 4809 διό
397 4748 455 4809 καὶ
475 4744 516 4809 αι’
534 4744 627 4811 δίκαι
645 4741 733 4829 παρ’
757 4739 879 4822 αὐτοῖς
899 4744 948 4811 δι’
967 4746 1055 4810 ἐτοῖν
1077 4728 1202 4807 τούλά-
