2610 5228
468 649 689 724 ...487
743 683 837 694 ...-

102 847 235 910 randum
271 864 341 908 esse
367 847 459 907 recte
487 843 729 907 intellexerunt:
767 844 907 923 elinquin
938 847 1022 908 euim
1050 866 1112 911 non
1141 855 1204 911 ιιιιι
1280 903 1284 909 .

106 945 224 1038 στενή,
248 973 339 1033 quam
361 938 479 1036 μακρά
500 953 627 1032 potius,
657 971 696 1013 er
718 951 842 1032 vulgata
869 939 981 1014 saltem
1003 952 1131 1017 dlcendi
1151 975 1204 1019 rs·

103 1061 201 1138 tione,
223 1059 450 1142 proferendum
471 1059 594 1122 fuisset.
639 1046 726 1138 ὕψος
755 1055 790 1119 δ’
812 1044 1077 1161 limiam
1098 1081 1205 1151 remo·
1292 1090 1296 1101 ·

103 1170 219 1232 tiorem
247 1169 344 1230 habet
371 1167 497 1243 sedem,
525 1167 670 1248 inprimis
698 1146 1142 1259 particrssgdl.llflterposita‚
1171 1176 1205 1231 et

103 1274 177 1338 talis
198 1283 386 1358 praeterea,
416 1276 517 1355 quelis
547 1292 586 1336 en
613 1273 707 1336 modo
728 1252 945 1354 proderetur}l
972 1274 1107 1337 altitudo
1130 1295 1205 1355 per·

104 1403 196 1463 quam
218 1386 298 1445 mira
319 1390 466 1445 exstaret.
508 1383 621 1446 Restet
642 1384 751 1463 igitur,
765 1389 807 1444 et
828 1382 868 1444 ad
887 1372 1002 1468 Ἰθάκη
1023 1384 1203 1465 appositum

102 1510 176 1554 enm
197 1494 368 1572 genitivum
399 1493 521 1553 numeri
549 1493 722 1573 genitivum
743 1491 931 1564 habeamus;
957 1489 1016 1551 sed
1038 1491 1201 1575 inquiren·

104 1600 179 1662 dnm
202 1601 305 1662 adhuc
328 1609 376 1663 est
391 1609 495 1665 utrum
518 1600 559 1662 de
573 1601 639 1661 sola
660 1588 738 1682 ejus
750 1601 869 1662 insulae
884 1599 1082 1682 longitudine
1102 1600 1204 1673 ar;.de

102 1710 188 1771 omni
211 1711 279 1790 ejus
301 1711 417 1771 ambitu
440 1707 679 1788 intelligendum
700 1709 751 1769 sit.
794 1709 840 1768 lie
861 1709 979 1770 ambitu
1000 1714 1090 1770 recte
1105 1710 1205 1770 inter·

98 1825 249 1897 prelatus
269 1837 338 1880 esse
361 1817 487 1878 ridetur
502 1816 634 1892 (icilius,
655 1817 810 1878 Strabone
831 1816 925 1878 ulluto
939 1821 1022 1878 teste
1035 1817 1075 1893 x,
1095 1836 1128 1896 p.
1142 1814 1206 1879 455

102 1915 229 1999 κύκλος
259 1914 297 1985 δὲ
329 1930 387 2012 τῆς
418 1916 553 2010 Ἰθάκης
586 1922 678 1987 ἐστὶν
708 1919 757 1996 ὠς
787 1915 1006 2008 ὀγδοήκοντα
1037 1921 1202 1999 σταδίων,

100 2051 208 2111 neque
239 2034 331 2095 aliter
353 2035 557 2095 Buttmannus
578 2034 724 2095 Crucium
746 2034 870 2095 Hellad.
892 2034 931 2107 11,
957 2033 992 2109 2,
1014 2052 1049 2112 p.
1069 2032 1133 2094 874
1158 2032 1203 2095 al·

100 2139 223 2219 legans.
272 2141 448 2202 Palmerins
477 2148 580 2203 eutem
611 2142 805 2222 anagraphes
834 2147 996 2203 auctorem
1020 2139 1061 2200 de
1081 2139 1203 2200 insulae

100 2248 317 2309 tantummodo
346 2248 544 2330 longitudine
575 2251 732 2330 cogitasse
759 2251 884 2325 statuit,
911 2249 1099 2311 Strabonem
1114 2264 1203 2309 -sero

102 2363 158 2415 aut
187 2364 325 2417 nostrum
356 2355 437 2420 falso
464 2357 667 2419 intellexisse·
686 2365 740 2418 ant
767 2357 850 2438 spud
881 2374 951 2418 eum
984 2357 1055 2417 loco
1076 2354 1204 2416 lnudsto

101 2482 165 2544 pro
187 2455 308 2536 κύκλος
330 2465 454 2545 vulgatu
474 2465 585 2552 μῆκος
606 2466 847 2527 rescribendum
872 2482 941 2526 esse
962 2465 1097 2524 censuit.
1139 2461 1205 2523 Sed

104 2588 280 2650 quanqusm
311 2579 480 2653 praeterea
502 2573 680 2634 liodnellus
707 2574 833 2635 ltinerr.
854 2572 887 2649 1,
917 2593 952 2652 p.
972 2570 1024 2632 Sl.
1055 2570 1204 2632 ambitum

101 2679 230 2742 Ithacae
252 2683 350 2742 multo
372 2683 558 2763 emptionem
580 2682 678 2744 fuisse
693 2683 821 2743 adnotat
844 2701 935 2761 qnam
952 2681 1075 2760 qualem
1090 2680 1204 2741 Strabo

103 2786 266 2859 definierit
286 2807 418 2868 eamque
448 2790 479 2850 in
502 2771 570 2849 rem
591 2788 686 2850 Plinii
709 2807 837 2868 quoque
852 2789 1072 2864 ,testimonium
1093 2789 1205 2867 viginti

102 2895 202 2957 millia
224 2916 369 2977 passuum
393 2896 561 2958 indicantis
584 2896 693 2973 affert,
723 2905 861 2960 nostrum
891 2905 994 2959 tamen
1018 2897 1203 2976 explicatio-

104 3023 178 3067 nem
199 3005 362 3067 Strabonis
384 3008 528 3094 inprimis
556 3026 649 3086 quem
671 3027 758 3069 suam
779 3007 921 3069 notitiam
942 3013 1052 3067 nostro
1073 3024 1113 3066 er
1133 3006 1205 3067 loco

101 3114 273 3193 repetiisse
302 3115 379 3174 mihi
409 3115 545 3175 nondum
569 3116 749 3194 persuadeo
771 3117 961 3175 auctoritate
979 3119 1077 3177 tumeo
1099 3119 1148 3189 et,
1175 3114 1204 3174 sl

101 3229 212 3286 noster
240 3242 278 3282 ea
298 3223 330 3282 in
352 3238 388 3279 re
409 3236 524 3279 revera
554 3230 735 3296 peccasset,
763 3222 843 3278 nihil
863 3223 955 3295 miri,
983 3239 1045 3303 spus
1074 3220 1202 3299 quidem

100 3332 226 3393 incuria
247 3335 311 3404 est,
341 3326 489 3406 equidem
519 3326 748 3404 conspicerem.
791 3325 905 3404 Neque
933 3332 1034 3388 tamen
1052 3330 1204 3408 'praeter-
1282 3345 1285 3354 ·

105 3438 229 3501 enudus
260 3438 352 3518 plane
381 3442 430 3497 est
458 3433 678 3496 Artemidorus
707 3434 937 3514 longitudinem
965 3435 1091 3498 ltlrecee
1114 3446 1205 3501 octo-
1285 3508 1287 3512 μ

103 3550 193 3631 ginta
209 3549 348 3628 quinque
362 3544 535 3607 stadiorum
559 3562 629 3604 esse
643 3543 901 3624 apud-Porphyr.
916 3544 957 3605 de
971 3552 1050 3606 antr.
1065 3547 1203 3627 Nympln

102 3677 138 3738 p.
159 3656 221 3718 114
241 3655 396 3730 referens,
419 3672 512 3733 qoem
533 3652 637 3713 locum
658 3653 835 3731 respiciens
856 3652 1039 3715 Mannertus
1060 3662 1201 3719 nostram

102 3765 250 3847 politam,
281 3765 372 3846 eujus
393 3763 489 3825 verba
510 3761 619 3825 itidem
643 3761 682 3822 de
704 3762 902 3842 longitndine
924 3764 1079 3842 explicet,
1109 3769 1205 3828 metri

100 3893 198 3936 cause
228 3875 366 3952 quinque
394 3871 496 3934 stadia
518 3856 665 3934 'omisisse
696 3872 815 3933 statuit.
865 3871 929 3935 Sed
957 3880 994 3933 nt
1021 3875 1122 3935 tribus
1151 3873 1200 3936 his

101 3983 183 4044 locis
214 3983 253 4044 de
282 3981 478 4062 longitndine
509 3981 739 4060 cogitaremus,
767 3978 846 4041 illud
875 3981 992 4061 conjici
1023 3999 1084 4042 non
1116 3980 1203 4043 foret

100 4109 252 4166 necesse,
285 4109 379 4170 quum
407 4090 441 4150 in
469 4086 583 4149 talibus
612 4087 896 4167 computetionibus
928 4087 1057 4148 rotundi
1079 4091 1202 4151 numeri
1284 4102 1288 4108 ’

74 4198 79 4203 ’
102 4198 353 4259 accuratioribus
385 4196 568 4276 saepissime
591 4194 814 4275 praeferantur
842 4203 875 4255 et
897 4194 1010 4256 Strabo
1032 4196 1103 4275 ipse
1124 4199 1201 4261 satis

103 4310 197 4366 caute
213 4324 273 4366 non
296 4297 519 4388 ὁγδοήκοντα
542 4300 705 4372 σταῦιων,
726 4303 784 4364 sed
808 4298 856 4373 ώς
878 4294 1097 4386 ὀγδοήκοντα
1119 4319 1197 4365 erm·

102 4407 190 4474 δίων
222 4411 308 4474 dieat
338 4411 380 4474 ci.
401 4410 578 4474 Taschuolr.
602 4410 643 4471 ad
664 4409 739 4472 lilel.
761 4410 893 4490 Exeget.
915 4417 979 4471 not.
1000 4410 1044 4486 11,
1076 4426 1108 4490 p.
1128 4408 1201 4472 m

103 4515 246 4608 στενή,
279 4500 472 4600 quanquam,
507 4520 605 4600 idque
639 4520 784 4598 inprimis
812 4537 851 4579 ex
879 4518 1003 4580 Graeco
1039 4510 1200 4601 cogitandi

104 4626 212 4708 modo,
232 4647 295 4694 nou
309 4629 404 4711 plane
417 4630 630 4694 necessarium
644 4628 716 4706 fuit,
736 4627 977 4710 perspicuitatis
990 4610 1202 4709 tmolus·
