2610 5228
404 750 498 764 --
550 724 622 798 tur
678 696 795 808 -'‚

72 922 239 985 scentlores
261 919 402 983 editores
423 917 726 998 comprobaverunt,
745 921 779 981 ln
800 919 1028 1002 Stephanium,
1053 923 1138 988 sicut

72 1030 292 1094 nZosimadum
307 1047 433 1107 quoque
454 1027 608 1103 editione,
631 1047 805 1108 quanquam
825 1030 858 1091 in
871 1029 932 1093 hac
954 1019 1138 1095 ὑπόκειται

72 1141 156 1202 relius
182 1157 216 1201 se
244 1138 424 1201 habiturum
453 1155 522 1198 esse
554 1136 802 1199 animadversum
824 1143 887 1216 est,
914 1135 1138 1203 άκόκιιται

72 1250 220 1311 rhibetur.
263 1248 384 1310 Gallius
405 1247 590 1309 Strabonem
613 1247 660 1324 X,
679 1247 741 1310 451
764 1248 847 1309 inter
868 1254 1009 1311 veterem
1032 1255 1065 1310 et
1084 1267 1138 1312 re-

72 1366 167 1419 cutem
195 1357 401 1432 Pleuronem,
430 1356 559 1417 alteram
589 1374 694 1436 prope
722 1355 914 1436 Calydonem
947 1375 986 1417 ex
1012 1357 1138 1418 oriente

72 1467 144 1526 ueni
167 1467 317 1545 regione,
346 1465 475 1526 alteram
506 1464 545 1524 ad
567 1464 781 1544 Aracynthum
808 1470 944 1525 montem
966 1465 1005 1525 ah
1026 1464 1138 1527 Eueno

72 1573 239 1634 ccidentem
267 1592 375 1634 versus
406 1576 438 1635 in
465 1573 699 1634 mediterraneo
729 1579 832 1634 trectu
864 1572 921 1634 cl..
937 1572 1019 1634 Plin.
1047 1573 1078 1634 h.
1106 1591 1138 1635 n.

72 1678 107 1767 lx·
117 1680 147 1741 2.
169 1681 284 1742 cellar.
304 1700 414 1762 geogr.
435 1689 496 1741 ant.
518 1679 550 1755 l,
571 1679 634 1741 71⁰
663 1681 754 1741 sitam
786 1679 965 1742 distinxisse
992 1680 1139 1742 referens

72 1770 230 1851 leuronem
245 1788 354 1850 nostro
375 1790 446 1850 loco
468 1796 740 1851 commemoratam
760 1795 922 1849 recentem
944 1807 1014 1851 esse
1034 1789 1138 1870 suspi-

72 1905 132 1960 rtus
160 1904 208 1959 est
239 1916 333 1976 quum
364 1897 404 1958 oh
436 1899 604 1975 scriptoris
636 1904 770 1958 aetatem
801 1897 856 1976 qui
876 1903 956 1976 post
984 1896 1140 1961 Demetrii

74 2009 191 2071 ctoriae
205 2007 344 2082 vixisset,
366 2013 430 2066 tum
452 2007 492 2068 oh
508 2007 732 2067 sententiarum
753 2007 854 2070 nostri
876 2005 940 2067 loci
955 2024 1140 2082 connexum,

72 2133 107 2179 ae
135 2114 271 2176 Pleuron
304 2133 408 2194 prope
429 2115 627 2176 Acarnaniae
654 2114 732 2179 lines
761 2121 795 2177 et
815 2114 855 2175 ad
876 2113 1052 2176 Acheloum
1073 2114 1140 2175 col·

72 2230 144 2286 cata
171 2232 256 2287 esset
282 2231 315 2285 et
340 2224 544 2285 convicinitas
574 2223 673 2286 verbo
703 2242 831 2303 quoque
853 2214 1036 2285 ὑπόκειται
1057 2221 1139 2285 indl-

72 2338 180 2419 rretur.
233 2332 433 2394 Contrarium
454 2333 658 2394 Buttmannus
678 2333 841 2409 statuerit,
868 2331 1016 2411 equidem
1044 2337 1081 2392 ut
1106 2331 1140 2393 ln

72 2464 76 2500 ι
99 2443 222 2504 incerta
242 2440 321 2504 nihil
343 2441 493 2504 decerno.

120 2548 166 2611 rs.
191 2549 243 2612 ou.
276 2551 322 2612 lle
349 2551 469 2631 templo
501 2550 665 2612 Minervae
695 2549 867 2612 Pleuronio
896 2549 1015 2611 nullum
1045 2547 1140 2608 allum
1254 2562 1260 2583 ι

72 2660 231 2738 riptorem
260 2660 358 2722 verbs
388 2659 498 2722 locere
528 2660 732 2721 Buttmannus
761 2659 845 2720 hunc
876 2657 917 2720 ad
947 2658 1053 2720 locum
1085 2655 1141 2718 ad·

72 2769 172 2830 stavit

99 2912 102 2918 ,
125 2894 168 2938 vs.
189 2876 241 2937 oo.
263 2865 338 2938 εἶτα
360 2869 470 2958 Κίὸης
491 2872 588 2939 ni'r'·
603 2864 790 2958 Ἐχινάδες.
840 2876 933 2955 Quod
955 2868 1065 2961 Krdpg
1086 2892 1141 2937 vo·

72 2984 186 3046 rhulum
213 2993 324 3047 contra
352 2995 487 3047 metrum
516 2972 710 3066 magnopere
741 2991 871 3064 peccat,
898 2983 932 3045 ld
960 2984 1060 3046 solum
1090 3002 1150 3059 me.

72 3111 105 3154 ιιι
119 3101 342 3171 commoveret,
362 3102 398 3156 ut
418 3095 632 3173 corruptelam
655 3094 876 3172 existimarem,
897 3093 925 3153 sl
945 3091 1142 3172 geographi-

72 3219 114 3262 rm
144 3202 206 3263 tale
232 3220 347 3263 nomen
375 3200 502 3262 aliunde
530 3208 733 3280 compertum
761 3209 846 3263 esset
872 3206 906 3261 et
932 3201 993 3263 nisi
1022 3183 1093 3261 vos*
1109 3201 1143 3262 iu

72 3308 155 3370 adice
184 3312 255 3390 ipso
285 3310 406 3373 duobus
434 3310 577 3390 punctis,
610 3308 815 3372 dubitationis
844 3309 894 3370 rel
926 3309 1142 3389 corruptionis

72 3435 142 3498 qno,
161 3423 334 3480 notaretur.
377 3419 464 3480 Bene
485 3425 589 3480 tomen
610 3424 644 3479 et
665 3423 757 3483 caute
780 3418 940 3493 editores,
963 3436 1141 3498 quanquam

72 3527 160 3588 rrtim
198 3529 288 3588 uncis
319 3527 534 3600 includentes,
560 3529 594 3590 ln
624 3530 779 3590 contextis
805 3528 1007 3614 retinuerunt
1037 3543 1142 3604 neque

76 3636 164 3696 icere
186 3636 252 3696 susi
274 3639 363 3709 sunt,
386 3639 552 3711 autequam
573 3641 678 3696 mente
700 3641 961 3715 assequerentur,
983 3632 1141 3714 quomodo

72 3742 130 3804 tud
160 3741 343 3803 vocabulum
370 3747 511 3802 nostrum
540 3741 574 3801 ln
600 3738 705 3802 locum
732 3743 880 3822 irrepere
912 3744 1068 3823 potuisset
1089 3746 1143 3802 aut

72 3849 123 3912 uid
145 3849 230 3912 aliud
252 3850 322 3930 ejus
342 3847 413 3910 loco
436 3847 688 3910 substituendum
710 3855 806 3910 esset.
850 3849 1050 3911 Casouhonus
1073 3850 1144 3928 qoi-

72 3976 121 4021 cnr
142 3959 240 4040 ejecit
258 3959 291 4019 in
313 3959 446 4040 ejusque
466 3959 567 4019 vicem
591 3952 624 4018 δ’
647 3961 787 4038 recepit,
820 3977 912 4038 quern
933 3960 1087 4021 rationem
1110 3963 1144 4019 et
1272 4026 1277 4045 ‚

72 4075 146 4130 etro
174 4074 411 4129 succurrentem
439 4074 473 4129 et
500 4067 534 4127 ln
562 4080 656 4127 sensu
685 4066 766 4128 nihil
795 4064 880 4144 quod
904 4064 1143 4127 desideraretur
1273 4072 1295 4089 ““

72 4175 274 4255 clinquentem
297 4177 479 4239 llolstenlus
499 4181 625 4238 secutus
647 4180 705 4236 est
747 4144 1143 4252 concitationique

72 4285 208 4348 rotimum
231 4291 353 4365 partem
376 4303 448 4346 cum
468 4291 556 4346 terra
577 4284 752 4346 continenti
773 4283 927 4362 deinceps
948 4282 1143 4359 canuerunt,

72 4399 80 4452 t
102 4391 143 4452 de
165 4390 258 4475 hujus
280 4395 459 4455 mutationis
481 4411 575 4454 causa
596 4391 637 4453 cl.
659 4391 762 4452 Strah.
784 4391 809 4465 l,
832 4410 864 4471 p·
884 4389 935 4452 dl).
956 4389 996 4466 X,
1016 4408 1049 4471 p.
1069 4386 1142 4449 458.
1263 4424 1272 4439 ·

72 4521 137 4563 aus.
159 4503 241 4575 Vlll,
263 4504 299 4578 l,
327 4503 378 4563 24.
407 4509 440 4564 et
461 4504 545 4565 inter
573 4503 769 4563 recentiores
791 4500 941 4562 llodwell.
962 4499 1055 4562 ltinn.
1075 4503 1098 4560 t.
1119 4497 1144 4574 l,

72 4655 78 4671 .
101 4611 172 4675 141.
215 4612 249 4675 Si
271 4615 474 4675 Buttmannus
491 4610 689 4693 deniquead
712 4610 801 4672 huuc⁴
814 4611 919 4672 locum
940 4610 1056 4670 ilerum
1077 4607 1144 4668 anl-

72 4721 227 4802 ndrertit,
249 4723 335 4804 quod
356 4741 462 4805 neque
481 4723 515 4788 iu
535 4723 661 4789 Aetolia
681 4720 863 4800 Thermon,
878 4716 1065 4802 principale
1084 4731 1144 4799 po·
