2610 5228
423 864 519 877 --
570 828 794 909 28⁵-

63 1024 260 1095 κεκλίαται·
279 1018 392 1115 Ἰθοίκιγ
412 1016 453 1089 δέ
472 1044 513 1089 το
534 1025 595 1089 καὶ
614 1024 694 1111 περὶ
712 1014 855 1091 πασέων
876 1031 912 1091 et
929 1024 1056 1091 Horati!
1075 1026 1155 1110 Ept-

61 1134 149 1201 aton.
168 1135 201 1212 1,
220 1133 260 1213 t,
279 1151 324 1197 ve.
343 1135 388 1197 4⁰
407 1152 473 1215 arpa
506 1134 578 1197 Non
605 1140 655 1196 eat
680 1140 772 1216 eptna
799 1134 891 1216 eqnle
909 1135 1037 1199 Ithacae
1055 1134 1158 1213 loona,

63 1250 104 1309 nt
120 1260 227 1325 neque
246 1242 348 1324 plania
368 1241 539 1308 Porreotoa
561 1243 672 1324 apattta
690 1260 750 1305 neo
770 1244 887 1305 multae
906 1240 1061 1325 prodigos
1080 1242 1157 1305 her-

62 1352 156 1417 baet‘
187 1351 273 1414 ltuaa
291 1356 395 1413 tamen
415 1352 477 1415 eibi
498 1352 659 1414 obreraart
678 1353 818 1416 rattonea
838 1352 1067 1429 animadvertit,
1088 1346 1158 1430 qni·

63 1461 126 1523 bna
145 1478 214 1523 eam
235 1458 454 1523 difficultatem
474 1479 718 1540 removeremus,
738 1466 793 1525 ent
811 1462 857 1525 ita
877 1466 913 1525 nt
932 1452 1159 1545 ἱπποτρόφος

63 1566 106 1631 ad
125 1568 362 1649 generationem
383 1574 501 1631 tantum
523 1588 676 1650 equorum
707 1569 901 1633 reterremna
921 1575 976 1631 ant
995 1572 1032 1631 nt
1050 1564 1157 1628 ἱππο·

63 1664 203 1759 ψόφος
231 1678 326 1755 atque
357 1667 539 1758 γεώλοφος
566 1674 706 1739 diversae
735 1677 805 1757 agri
833 1673 978 1739 Thebant
1008 1673 1159 1755 regione!

62 1780 245 1863 atgnlfleare
265 1777 477 1841 crederemur.
525 1780 669 1843 'l'ertinm
690 1781 774 1843 enlm
793 1778 871 1844 noer
889 1778 1072 1845 reaolrendl
1090 1798 1160 1844 mo·

63 1887 150 1967 dnm,
171 1906 235 1968 qno
256 1883 496 1970 ἱπποτροφίαν
516 1889 639 1950 nonnisi
660 1888 782 1951 etrtbna
802 1888 984 1953 alendorum
1004 1906 1160 1969 eqnororn

62 1994 215 2061 atndtoata
234 1999 330 2073 atque
350 1994 465 2074 peritia
486 1996 715 2073 tribueremnr,
747 1995 958 2080 rejiciendo·
985 2014 1056 2060 eaae
1082 2014 1160 2061 eon·

62 2102 168 2167 teaana
194 2106 245 2165 eat
270 2100 312 2163 ob
340 2104 441 2165 nostri
468 2102 533 2165 looi
561 2104 720 2184 habitum,
753 2106 809 2187 qul
836 2107 980 2188 eogitare
1008 2122 1067 2168 noa
1094 2121 1160 2169 non

63 2210 186 2275 atneret
214 2208 327 2279 orbern
357 2228 419 2291 pro
449 2210 562 2273 ineolia
593 2213 727 2294 poattam
760 2230 840 2275 erre.
891 2212 956 2275 Sed
988 2230 1027 2275 ea
1055 2210 1161 2275 omnia

64 2313 347 2401 σκιαμαχοῦντος
381 2323 470 2379 aunt:
504 2337 546 2381 ne
576 2320 660 2381 enim
690 2318 731 2381 ed
761 2320 866 2381 loenm
896 2320 935 2381 ab
966 2324 1160 2399 excerptore

62 2442 179 2509 parurn
198 2428 346 2487 aoenrete
365 2430 593 2505 pertractatum
614 2444 797 2509 provocem,
817 2420 1160 2511 γεώλοφοςνοοοοιιλλ

62 2530 254 2615 atgnlfleatto
273 2550 293 2593 a
312 2533 443 2593 notione
462 2530 613 2614 ndjeotirt
627 2517 762 2617 ὁρειοός
775 2552 800 2595 a.
814 2525 952 2619 όρώδγς
965 2550 1161 2615 magnopere

63 2638 180 2703 differt
207 2644 320 2721 atqne,
357 2644 392 2701 nt
419 2641 511 2721 regio
539 2626 725 2726 γεώλοφος
752 2659 906 2722 equorum
933 2640 1076 2703 enltnroe
1096 2658 1160 2705 non

61 2746 142 2817 aatta
161 2752 235 2828 apta
261 2746 475 2823 extatimetur,
509 2747 594 2809 nullo
620 2747 715 2829 plene
742 2766 796 2811 rea
821 2748 912 2812 nobta
931 2747 1161 2829 impedimento

61 2859 131 2933 υς
168 2872 232 2935 qno
257 2855 359 2917 minna
386 2873 496 2936 egrum
516 2854 738 2919 Thebanorum
768 2856 869 2919 eltere
895 2874 936 2920 ex
963 2863 1056 2938 parte
1076 2874 1161 2920 eam·

61 2966 228 3049 putrem,
266 2962 366 3025 ultera
396 2961 549 3025 eliroanm
576 2970 610 3025 et
629 2964 701 3025 tere
720 2970 898 3027 montanum
919 2966 1076 3028 exatttiaae
1096 2970 1161 3027 eta·

59 3076 190 3159 taamna
208 3070 378 3135 Panoaniae
406 3070 511 3131 loonm
540 3089 638 3151 snpra
665 3073 860 3152 exscriptum
888 3072 923 3135 in
948 3072 1162 3135 teattmontnm

58 3176 264 3243 aalroeantea.
305 3178 374 3257 Qua
394 3176 436 3238 de
457 3196 550 3239 eausa
571 3178 666 3239 etiem
686 3178 786 3257 megia
806 3175 903 3239 Geilit
923 3178 1071 3259 improbo
1090 3196 1162 3241 aen-

58 3286 215 3351 tentlama
237 3284 307 3366 qni,
327 3285 428 3347 atletie
448 3283 612 3347 Strabonis
632 3284 705 3346 loeo
725 3284 814 3363 XVI,
835 3304 868 3365 p.
887 3282 952 3345 ton
970 3277 1163 3347 τελευτῶσι

61 3388 101 3457 δ’
123 3388 173 3467 εἱς
192 3382 288 3455 ἄλλα
309 3384 372 3477 ὄρη
395 3384 565 3475 γεώλοφα
597 3393 655 3454 καὶ
682 3386 904 3475 καλλίκαρπα
925 3396 960 3453 et
979 3391 1085 3454 rerbta
1106 3391 1162 3453 Dt-

60 3500 282 3569 monton
300 3502 335 3564 tn
354 3500 532 3583 fragmento
554 3496 596 3561 de
615 3497 706 3561 Pelio
728 3499 828 3561 obriia
856 3495 931 3561 πᾶν
956 3484 1000 3561 ’δέ
1026 3493 1098 3562 ἔστι
1116 3486 1161 3563 ω’

61 3600 154 3693 ὄρος
173 3600 351 3693 μαλακόν,
380 3597 587 3692 γεώλοφον,
616 3600 831 3694 παμφόρον,
860 3606 962 3669 hoooe
981 3606 1054 3670 loeo
1075 3596 1161 3690 γεώ-

61 3708 181 3801 inpos
201 3712 250 3777 ale'
263 3714 419 3777 oollionlta
440 3720 547 3778 terrae
567 3714 696 3795 pinguis
717 3719 751 3777 et
770 3714 904 3792 feraeia,
931 3713 989 3778 nbi
1008 3715 1069 3779 aoli
1088 3714 1162 3781 tnn-

63 3822 128 3889 taa
146 3821 241 3887 alssna
261 3819 491 3899 descenderet,
524 3818 799 3903 interpretandum
827 3839 897 3883 eaee
926 3823 1074 3904 opinetur
1103 3829 1162 3891 eat.

63 3928 164 4015 apae
178 3928 365 3993 Strabonem
378 3929 428 3990 vir
448 3928 647 3991 doetisotmna
669 3947 764 4008 quum
784 3926 825 3989 nd
845 3927 944 3993 aolam
962 3930 1163 3997 altttnrttoern

63 4036 267 4105 nnonom
295 4055 359 4100 non
385 4036 505 4119 frigide
533 4034 609 4098 addi
636 4038 779 4116 potutaae
809 4029 977 4120 γεώλοφα
997 4045 1032 4101 et
1051 4038 1163 4121 adjun-

63 4150 155 4209 etnra
182 4148 353 4225 praeterea
379 4136 603 4223 καλλίκαρπα
630 4142 892 4207 considerandum
912 4162 984 4207 eoae
1003 4144 1162 4209 extatima·

63 4256 138 4329 ret,
173 4242 299 4315 aeneum
329 4251 399 4333 eJna
419 4249 482 4312 loci
503 4250 632 4311 minIme
653 4251 790 4313 omntnm
809 4251 996 4333 pereeptaae
1016 4258 1163 4333 apparet,

64 4358 155 4443 gaon
175 4356 378 4440 geographer
398 4357 503 4419 verbio
525 4348 590 4444 o'pp
611 4347 780 4441 γεώλοφα
800 4364 922 4419 montea
942 4357 1022 4419 altoa
1041 4359 1163 4442 signifi·

61 4484 143 4547 erre
161 4484 206 4529 ne
225 4468 368 4547 potniaae
389 4464 535 4546 quidem,
568 4463 626 4527 aed
648 4464 690 4527 de
709 4466 866 4528 monttbna
886 4466 919 4528 in
939 4464 1066 4529 eoltr'om
1087 4486 1162 4551 ape·

60 4578 149 4643 alem
184 4574 371 4637 exannttbna
405 4572 564 4654 eogitaoao
593 4589 632 4634 ex
662 4577 731 4634 toto
761 4572 988 4666 sententiarum
1018 4592 1161 4643 eonnexn

61 4656 257 4749 momen·
276 4685 334 4745 eet.
369 4678 504 4745 Aeoedit
525 4678 622 4759 qnod,
642 4680 671 4741 ri
691 4670 914 4763 καλλίκομοι
935 4692 1161 4767 apponeretur,

58 4786 246 4887 γιώλοφαΙ
257 4807 299 4857 eo
319 4788 448 4873 quidem
470 4806 564 4871 qnem
580 4788 701 4853 (tritior
720 4789 837 4857 atatnit
849 4808 942 4859 aenan
962 4793 1074 4857 tortile
1088 4794 1160 4859 fere
