2610 5228
421 771 643 851 ——343
696 810 793 823 --

62 971 208 1048 bueriut,
236 987 331 1051 quum
358 969 429 1051 ipae
449 968 564 1033 Strabo
585 967 781 1033 Onchestum
810 970 843 1031 ln
864 967 971 1033 citiori
990 967 1062 1031 loco
1084 986 1160 1035 con·

62 1079 161 1142 ditem
190 1094 261 1140 eaae
289 1074 428 1155 relerat,
461 1074 625 1139 humidum
654 1082 758 1139 tamen
786 1076 892 1139 adrem
912 1077 946 1139 in
967 1094 1005 1138 eo
1027 1076 1160 1159 regione

61 1203 213 1269 regnarae
233 1184 303 1269 jam
331 1202 392 1266 per
422 1188 515 1267 pratu
534 1183 632 1263 llcet,
659 1183 774 1265 quibua
795 1183 981 1247 excelluisse
1002 1190 1160 1263 narretur,

59 1314 124 1379 pro
152 1298 242 1359 certo
268 1298 419 1357 atatuere.
466 1293 630 1359 Fac-vero
658 1294 778 1375 optima
799 1293 881 1356 coeli
902 1293 1060 1377 temperie
1080 1294 1162 1358 lllud

64 1400 220 1485 oppidum
240 1403 379 1483 gaviaum
392 1401 501 1479 fuerit,
523 1419 592 1465 eam
613 1398 784 1481 antiquiori
799 1406 946 1483 tempore
967 1400 1162 1467 deteriorem

60 1510 161 1573 fnlaae
188 1511 392 1595 conjiciamur
420 1516 516 1593 atqua
536 1512 581 1575 lte
600 1510 718 1575 febrim
739 1512 904 1594 genuisse,
937 1530 1018 1591 qnae
1038 1512 1161 1575 lirmam

60 1616 172 1683 cedem
185 1618 392 1700 occupaverit
405 1623 665 1702 occupatumque,
686 1618 737 1683 vel
758 1638 852 1683 cauea
866 1618 1016 1701 paulatim
1028 1625 1162 1699 remoto,

61 1726 255 1809 aqummtm
275 1728 426 1791 tenuerit.
471 1729 577 1795 noram
604 1728 779 1793 Muellerua
805 1728 955 1793 Orchom.
984 1748 1018 1811 p.
1037 1727 1089 1793 Ἠ.
1119 1728 1162 1793 do

59 1832 250 1899 Dicaearchi
275 1833 336 1897 bae
357 1836 470 1900 notitia
491 1836 533 1899 de
553 1834 639 1901 febri
666 1834 819 1901 Oncheatl
849 1834 1013 1900 obtinente
1041 1836 1159 1903 nullm

61 1940 293 2007 dnbltationem
328 1944 546 2035 pronuntierit
573 1951 607 2009 et
636 1949 806 2029 proeterea
834 1964 867 2026 p·
895 1943 938 2007 43
963 1945 1067 2009 locum
1096 1932 1164 2010 οο·

59 2050 220 2115 cbaatlum
240 2045 362 2141 (λίμνη
384 2048 420 2115 ἑν
437 2044 631 2139 Ὀγχηστῷ)
645 2059 769 2137 partem
782 2051 933 2134 Copaidir
945 2051 1044 2118 laicae
1058 2052 1163 2117 refert

58 2158 134 2223 coll.
161 2158 326 2243 rncopm.
346 2159 379 2223 b.
400 2159 499 2245 plant.
518 2161 558 2241 4,
587 2160 639 2225 12.
674 2160 755 2225 Plln.
777 2160 835 2239 1⁰,
853 2160 907 2222 db.
947 2160 1062 2245 Stepb.
1082 2160 1160 2243 1352.

58 2261 700 2354 ο.Ἀκραιφία.Αο1.οοο.Ιι.12,67.
740 2268 833 2335 Diod.
854 2268 911 2348 17,
940 2272 991 2333 lc.
1039 2269 1163 2335 Verum
1205 2298 1219 2321 ο

59 2356 194 2457 qnlelem
219 2382 390 2461 praeterea
418 2382 467 2440 ert
498 2375 584 2457 quod
604 2376 746 2441 Murrina
775 2381 883 2441 monet
911 2375 953 2439 de
981 2375 1067 2443 lebri
1097 2377 1163 2443 On·

56 2482 167 2547 clrertl
186 2482 295 2549 aedem
315 2490 445 2548 tenente
465 2485 544 2549 alloa
564 2486 741 2567 scriptorea
761 2485 843 2551 nihil
855 2505 1032 2549 momorrre
1045 2504 1162 2569 neque,

56 2590 267 2675 ut'equidem
288 2591 381 2671 addo,
401 2592 584 2659 Paoaanlarn
605 2592 658 2673 lll,
671 2593 714 2656 26
727 2596 772 2657 ita
785 2594 979 2659 referentem
994 2590 1052 2657 ἐπ’
1073 2587 1164 2680 ἐμοῦ

57 2686 103 2763 dd
124 2690 209 2773 ναός
228 2718 266 2764 cc
287 2700 348 2765 nal
370 2692 517 2787 ἄγαλμα
539 2697 768 2777 Ποσειδῶνος
789 2698 944 2768 ἐλείπετο
961 2694 1162 2790 Ὀγχηστίου

57 2804 122 2867 καὶ
141 2794 187 2907 co*
208 2798 329 2881 ἄλσος,
352 2798 371 2871 ὃ
395 2799 439 2891 dn*
460 2806 521 2871 καὶ
534 2797 688 2897 Ὅμῃρος
709 2800 864 2896 ἐπῄνεσε,
886 2809 944 2873 aed
959 2809 1046 2893 quod
1065 2810 1164 2873 eciam

57 2932 170 2997 neque
191 2912 232 2977 de
252 2914 398 2992 llaliarto
420 2915 541 2998 aliquid
555 2916 712 3000 ejaamodi
725 2916 889 3001 proditum
904 2923 963 2981 eet.
1004 2917 1164 2999 Perquam

58 3019 204 3103 denique
223 3022 337 3087 mirmn
359 3028 418 3101 eat,
439 3023 525 3105 quod
539 3030 648 3087 noatro
662 3025 734 3089 loco
755 3027 839 3088 inter
861 3026 947 3089 ucria
960 3024 1164 3107 ingeniorum

56 3130 141 3193 ville
159 3130 265 3195 cubito
285 3133 434 3215 corporis
454 3132 622 3215 aegritudo
636 3139 832 3196 recensetur.
876 3132 1088 3211 Quamobrem
1101 3151 1163 3193 πο-

58 3226 168 3327 ροτός
197 3236 239 3303 de
265 3239 363 3303 nimio
394 3239 489 3303 animi
518 3240 648 3303 fervore
679 3238 921 3322 intelligendum
950 3245 1059 3304 noatro
1089 3239 1164 3303 loco

58 3364 136 3413 erae
157 3346 390 3425 contenderem,
413 3349 442 3411 ai
463 3347 575 3417 cimilia
588 3348 678 3413 locna
697 3348 752 3411 ubi
773 3326 920 3433 πυρετος
942 3346 1165 3429 metaphorice

59 3460 237 3539 murpetur
256 3456 335 3519 milri
364 3444 494 3538 praeato
516 3462 610 3519 earet.
661 3456 761 3520 Paulo
790 3456 875 3519 euim
895 3455 989 3527 aliter
1009 3472 1045 3519 ae
1064 3446 1164 3519 lrabet

60 3560 154 3649 quod
174 3563 338 3647 Tbeopbr.
353 3564 440 3627 char.
455 3564 488 3627 d.
508 3568 694 3646 uanrpatom
717 3570 767 3627 eat
787 3563 828 3628 de
849 3560 1006 3647 ejuamodi
1024 3561 1164 3641 bomine,

62 3672 123 3755 qui
149 3668 236 3734 febri
264 3673 416 3755 occupari
437 3671 517 3737 nolit
537 3671 578 3737 ob
603 3670 799 3735 otomacbum
826 3675 964 3757 propter
991 3668 1164 3757 garrulum,

63 3768 253 3863 ἀπύρετος.

151 3876 530 3977 τῆοᾰοαιοθηοίαο
553 3884 596 3953 ἐν
615 3876 828 3971 Ἀλιάρτῳ.
851 3875 913 3975 τήν
927 3881 1163 3972 ἀναισθησίαν

62 3995 154 4079 apud
175 3998 327 4074 Gailium,
358 3997 522 4079 Stephano
544 4004 692 4075 auctore,
717 4013 843 4058 ceraum
871 3999 921 4057 eat
938 3992 1164 4079 atcpiditotam.

62 4102 291 4167 cadorcorum
314 4110 363 4167 eet
376 4102 562 4167 vocabulum
576 4122 647 4165 cnm
670 4094 866 4189 ἀναλγῃοία
890 4099 975 4185 qood
989 4116 1088 4180 cupra
1108 4094 1164 4160 ubl

63 4212 109 4275 tle
128 4210 290 4279 Tbebrnia
309 4230 414 4273 aermo
434 4210 496 4273 luit
516 4228 555 4271 ea
569 4208 781 4273 llemoatbene
802 4206 1012 4289 allegavimur,
1033 4206 1068 4268 et
1088 4200 1165 4267 cob-

63 4318 220 4385 ierendua
241 4327 410 4403 praeterea
431 4318 647 4401 Theophraati
668 4318 755 4381 char.
777 4316 819 4378 14
848 4308 921 4379 ἔστι
941 4302 1019 4386 ddi
1042 4304 1164 4375 οἱναιο-

66 4424 198 4511 θησία,
231 4422 279 4501 ὠς
301 4416 374 4512 ὅρῳ
396 4422 524 4501 εἰπεῖν,
552 4417 725 4509 βραδυτὴς
753 4422 811 4496 τῆς
843 4420 956 4504 ψυχῆς
983 4413 1019 4483 ἐν
1046 4409 1164 4503 λόγοις

64 4530 126 4601 καὶ
147 4523 336 4618 πράξεσιν,
365 4533 384 4597 ό
410 4523 450 4596 δὲ
473 4526 685 4621 ἀναίσθητος
706 4517 865 4599 τοιοῦτός
888 4546 952 4605 τις,
975 4515 1049 4604 οἷος
1070 4520 1164 4611 λογι-
1294 4570 1300 4583 ,

34 4722 37 4727 Ι
66 4638 225 4729 οάμενος
246 4651 322 4719 ταῖς
343 4632 475 4735 ψήφοις
497 4640 555 4709 καὶ
576 4634 771 4727 κεφάλαιον
785 4627 937 4723 ποιήσας
952 4633 1087 4723 ἐρωτᾷν
1102 4624 1164 4702 τὸν

66 4746 392 4843 παρακαθήμενον,
421 4748 453 4815 τί
474 4749 618 4837 γίνεται·
643 4746 700 4815 καὶ
722 4744 819 4835 δίκην
841 4735 980 4833 φεύγων
1001 4742 1060 4809 καὶ
1083 4736 1164 4809 ταύ-
