2610 5228
84 875 268 939 conabatur.
316 876 387 955 Quo
407 874 471 937 hoc
493 891 619 955 quoque
641 875 797 955 pertinet,
828 846 912 957 quod
935 876 1182 958 philosophandi

51 1038 57 1047 .
84 986 221 1049 studium
257 984 296 1046 ab
332 984 518 1046 ambulando
552 1004 612 1066 per
647 986 828 1065 porticum,
862 987 946 1049 sicut
978 988 1182 1069 publicorum

84 1115 248 1156 munerum
270 1094 569 1158 ministrationem
591 1116 609 1156 a
630 1096 834 1159 declamando
855 1105 889 1159 et
910 1098 1127 1161 tumultuando
1148 1102 1182 1164 iu

83 1204 285 1264 comitiorum
314 1204 470 1283 suggestis
495 1204 643 1265 immunia
669 1222 739 1265 ease
770 1206 968 1266 existimavit.
1018 1206 1066 1267 Ex
1095 1208 1183 1271 vli'ae

83 1311 269 1390 praeceptis
298 1329 380 1390 quae
408 1312 658 1391 praeclarissima
687 1312 827 1374 edidisse
859 1313 1014 1393 putandus
1043 1320 1092 1376 ert
1117 1314 1181 1379 hoc

82 1438 179 1480 uuum
201 1419 291 1480 nobis
312 1420 458 1481 relictum
481 1428 546 1496 est,
571 1421 655 1500 quod
671 1422 822 1482 honorum
837 1424 1023 1498 amicitiam,
1044 1425 1182 1486 omnium

83 1536 188 1589 autem
210 1528 369 1590 homiuum
392 1529 532 1590 iasorem
555 1531 783 1592 conciliandum
807 1549 876 1592 esre
894 1529 1038 1593 docebat.
1079 1534 1182 1611 Quum

82 1653 189 1697 acram
220 1636 430 1699 eruditionem
461 1640 619 1717 animique
642 1637 761 1700 cultum
783 1640 892 1700 intimo
914 1641 1016 1701 auimo
1043 1641 1183 1720 amplec-

85 1752 226 1822 teretur,
254 1747 286 1806 iu
308 1745 508 1807 sacerdotum
530 1748 704 1827 praecipue
724 1746 854 1809 fraudes
881 1766 918 1808 ac
938 1746 1091 1828 singulari
1113 1748 1184 1826 qul-

83 1854 155 1914 tlem
183 1855 367 1934 conscripto
404 1855 513 1915 libello
540 1856 681 1915 inuectus
717 1874 787 1915 erae
819 1854 966 1929 videtur,
1007 1870 1182 1934 qumquam
1237 1866 1244 1877 ·

83 1963 207 2025 duobus
229 1963 428 2025 divinationis
449 1966 620 2046 generibus
648 1966 752 2026 locum
778 1964 1017 2026 concedendo·
1041 1982 1110 2025 esse
1132 1981 1183 2023 ar-

83 2071 217 2132 bitratus
238 2077 301 2146 est,
331 2073 423 2133 alteri
453 2072 537 2151 quod
561 2092 621 2153 per
641 2092 796 2148 somnum,
826 2073 918 2133 alteri
941 2071 1025 2151 quod
1050 2071 1182 2132 deorum

83 2177 167 2239 dono
196 2185 232 2240 et
260 2180 444 2259 inspirando
480 2182 645 2243 confieret.
696 2183 834 2242 Luxuria
868 2184 971 2242 autem
1000 2187 1034 2243 ei
1060 2197 1182 2241 morum

82 2288 315 2366 corruptione,
347 2305 409 2363 qua
439 2305 495 2346 sua
525 2287 627 2364 ipsius
657 2294 743 2346 actas
773 2287 951 2361 laborabat,
990 2304 1183 2365 magnopere

81 2393 227 2453 offensus
258 2390 474 2468 compluribus
508 2391 588 2451 iocis
617 2392 708 2450 iatam
738 2392 932 2471 impugnavit
960 2393 1113 2469 istiusque
1145 2410 1183 2455 ex

81 2503 222 2569 adverso
241 2501 484 2561 vetustissimum
511 2501 639 2580 generis
669 2501 795 2561 humani
821 2502 934 2561 statum
964 2500 1109 2561 laudibus
1129 2519 1183 2562 er·

82 2613 174 2687 tulit,
195 2609 283 2670 ilium
306 2608 378 2670 dico
400 2609 657 2685 vetustissimum,
682 2628 744 2688 quo
765 2610 937 2670 secundum
961 2608 1074 2670 famam
1097 2608 1182 2689 apud

84 2719 234 2800 populum
257 2716 416 2777 Graecum
439 2717 629 2777 celebratam
651 2724 685 2777 et
705 2736 723 2776 u
745 2716 889 2796 plurimis
915 2720 1020 2797 poitir
1042 2718 1182 2779 delinea-

83 2838 144 2890 tam
167 2829 319 2889 Saeturnus
339 2843 490 2887 summum
511 2825 681 2904 imperium
701 2830 866 2901 tenuerat,
887 2847 992 2907 neque
1006 2834 1112 2888 mente
1134 2826 1183 2889 tli-

83 2938 154 2998 rina
174 2956 245 2997 eum
268 2934 476 3013 contemplari
498 2941 532 2994 et
553 2934 685 3013 egregie
707 2932 892 2994 describere
906 2938 1032 2999 rraaoiit.
1075 2934 1183 2995 Genua

82 3044 248 3104 humanum
270 3061 332 3103 uon
353 3043 458 3120 aliquo
479 3048 626 3120 tempore
650 3047 790 3101 creatum
812 3040 929 3115 inisse,
950 3039 1008 3100 sed
1022 3040 1106 3102 nulla
1120 3056 1182 3103 uon

83 3159 187 3214 aetate
210 3153 368 3213 cratitione
388 3151 506 3210 statuit
557 3148 647 3227 Quod
672 3149 711 3208 ad
738 3167 845 3209 rerum
867 3146 1006 3208 civilium
1027 3149 1183 3229 coguitio-

82 3279 170 3333 nem,
199 3260 394 3320 Dicaearcho
423 3256 592 3338 singularia
614 3257 708 3336 plane
737 3256 799 3314 iuit
823 3257 997 3332 sententia,
1026 3276 1088 3336 qua
1113 3276 1182 3320 eam

82 3367 281 3446 reipublicae
302 3366 516 3428 conditionem
539 3382 599 3442 pro
622 3363 742 3440 optima
762 3368 796 3421 et
816 3361 998 3422 felicissima
1015 3363 1182 3442 praedica·

84 3474 155 3551 bat,
177 3494 259 3555 quae
280 3463 442 3536 ex'trihus
464 3473 527 3534 illle
548 3469 763 3544 monarchiae,
786 3468 1005 3531 aristocratiae
1028 3476 1061 3532 et
1075 3468 1183 3533 demo-

79 3584 202 3644 cratiae
231 3585 398 3663 principiis
424 3587 516 3643 recta
542 3581 666 3642 ratione
688 3582 865 3658 temperata
886 3584 979 3640 esset.
1021 3580 1089 3660 Qua
1111 3582 1181 3661 qui·
1228 3598 1231 3603 ·
1269 3626 1276 3641 .

81 3690 155 3751 alem
177 3693 210 3752 in
230 3693 385 3752 sententia
406 3691 526 3770 uliquut
546 3688 731 3771 philosophi
752 3687 964 3770 Pythagorei,
994 3709 1180 3770 quamquam
1254 3742 1264 3759 ,

80 3798 217 3860 fortasse
245 3819 309 3862 non
337 3807 424 3861 tanta
454 3818 527 3861 cum
556 3797 787 3879 perspicuitate
806 3803 840 3858 et
859 3798 1078 3874 accuratione,
1107 3816 1180 3859 eum

82 3911 300 3987 praeiverant,
315 3909 417 3969 secuti
431 3913 535 3968 autem
550 3913 630 3981 suut,
645 3911 681 3967 ut
694 3904 830 3982 videtur,
844 3904 994 3986 Polybius
1008 3913 1041 3968 et
1053 3905 1180 3978 Cicero,

85 4018 223 4094 quamria
245 4019 339 4078 etiam
360 4018 413 4077 bic
436 4018 596 4096 posterior
617 4015 672 4077 ubi
693 4033 779 4076 suam
799 4014 860 4076 hac
882 4014 923 4076 rie
942 4034 981 4077 re
996 4015 1179 4094 opinionem

81 4126 215 4203 exponit
240 4125 428 4186 Dicaearchi
456 4126 676 4186 auctoritatem
706 4143 767 4185 non
799 4124 950 4186 attulerit
1006 4122 1178 4202 Egregium

82 4240 187 4294 autem
208 4233 293 4295 illius
314 4235 363 4294 rel
384 4234 531 4314 publicae
552 4233 674 4294 formae
700 4232 862 4313 exemplar
889 4233 917 4291 ai
938 4230 1083 4310 Spartam
1104 4251 1179 4293 con·

79 4340 234 4403 siderarit
256 4348 289 4402 et
311 4341 498 4422 descripsit,
520 4362 581 4404 non
603 4342 686 4403 aliud
701 4342 761 4404 hac
776 4360 813 4401 re
831 4338 1063 4419 significaturus
1076 4339 1179 4401 fuisse
1251 4346 1257 4357 ‘

79 4447 223 4527 videtur,
250 4465 342 4530 quam
363 4453 498 4512 omnium
521 4471 602 4530 quae
624 4453 815 4512 constitutae
837 4455 996 4509 exstarent
1018 4450 1177 4510 civitatum

80 4553 268 4636 Spartanam
303 4556 343 4619 ad
379 4578 447 4619 eam
482 4560 716 4636 conditionem,
751 4577 842 4638 quam
878 4558 1178 4637 praestantissimam

82 4665 186 4732 auimo
207 4665 357 4746 tinxerat,
378 4670 522 4749 proxime
535 4669 711 4744 accedere3
731 4686 836 4749 neque
856 4665 932 4729 ideo
952 4665 1060 4744 graula
1081 4677 1177 4741 quae·

913 4768 975 4847 1*
