2610 5228
310 165 315 173 u

144 903 238 968 llard
264 905 363 968 multo
392 907 513 969 certior
543 925 635 988 quam
663 907 704 968 da
725 914 829 970 aetate
850 910 993 990 quaestio
1016 908 1057 971 de
1077 910 1158 976 locis

63 1022 114 1078 est
131 1016 166 1078 in
194 1015 307 1096 quihus
335 1015 531 1095 potissimum
551 1015 764 1079 Dicaearchus
784 1017 879 1077 sitam
897 1016 1031 1098 degerit.
1056 1019 1158 1083 rithe-

63 1125 112 1186 nls
132 1142 203 1186 eum
225 1127 449 1185 commoratum
470 1123 567 1186 luisse
583 1125 649 1208 jam
671 1124 745 1186 idco
766 1123 965 1186 statuendum
987 1133 1047 1202 est,
1069 1124 1157 1207 quod

61 1226 242 1296 Aristotelis
273 1232 446 1313 discipulus
474 1232 573 1295 luisse
606 1234 724 1295 relatus
752 1239 816 1309 est,
850 1252 955 1313 neque
988 1239 1158 1315 praeterea

61 1340 118 1402 hac
140 1342 175 1404 in
196 1360 234 1402 re
254 1340 476 1422 negligendum
498 1348 565 1419 est,
595 1340 680 1422 qood
708 1340 934 1421 descriptionis
963 1338 1157 1403 Athenarum

60 1449 207 1531 vestigia,
228 1467 308 1528 quae
329 1449 361 1510 iu
382 1468 493 1529 magno
514 1450 690 1530 lrsgmeuto
711 1449 823 1510 relicta
843 1453 928 1523 sunt,
951 1446 1087 1508 credere
1101 1468 1158 1511 nos

55 1556 186 1639 Juheut,
208 1554 393 1618 Dicaearchi
409 1555 448 1618 de
463 1557 522 1621 hao
537 1558 617 1620 urhe
631 1558 876 1642 expositionem,
891 1574 983 1635 quam
997 1538 1158 1634 aliquanto

60 1664 305 1746 praeclariorem
325 1664 423 1727 inisse
439 1666 603 1729 ciceronis
625 1665 734 1728 laudes
756 1664 886 1741 docent,
907 1664 1029 1725 nonnisi
1044 1683 1063 1725 a
1076 1670 1158 1727 teste

61 1771 185 1834 oculato
206 1774 368 1853 proticisci
390 1775 543 1852 potuisse.
557 1769 594 1854 ⁸)
625 1772 789 1854 Tanagrae
804 1791 875 1835 eum
889 1778 1045 1833 versatum
1060 1770 1159 1835 luisse
1191 1850 1193 1855 s

62 1896 98 1941 ex
118 1878 289 1961 fragmenti
319 1881 458 1960 prosaici
487 1881 559 1942 lo'co
585 1883 761 1962 repetimus
787 1899 930 1943 necnon
955 1898 1159 1960 magnacum

61 1987 127 2048 seri
154 1988 265 2068 specie
292 2006 399 2050 omues
421 2008 476 2051 cos
503 1990 590 2052 locos
622 2010 702 2070 quoa
724 1989 895 2071 descripsit
915 1989 1020 2068 ipsum
1041 1986 1159 2050 adiisse

62 2096 253 2176 conjicimus.
307 2096 398 2174 Quod
429 2097 550 2160 Pelium
587 2100 671 2161 sicut
699 2100 825 2161 omuino
855 2098 1012 2160 Graeciae
1035 2102 1160 2159 montes
1217 2180 1220 2187 Ι
1273 2102 1278 2121 “

64 2219 202 2266 mensus
223 2212 287 2281 est,
308 2213 399 2266 certa
419 2205 510 2267 adest
536 2208 630 2268 Plinii
651 2209 841 2282 auctoritas,
869 2224 976 2282 neque
995 2205 1097 2266 minus
1118 2203 1160 2265 de

64 2309 249 2374 Dicaearchi
283 2314 316 2373 in
345 2312 567 2391 Peloponneso
599 2314 845 2372 commoratione
874 2313 1038 2374 ciceronio
1070 2312 1161 2373 testi-

63 2422 208 2482 monium.
240 2417 391 2497 luprimis
405 2417 541 2495 Spartae
562 2416 752 2494 aliquamdiu
776 2418 877 2497 egisse
891 2418 1027 2498 ipsoque
1044 2420 1077 2479 in
1090 2418 1161 2480 loco

63 2526 261 2608 reipublicae
291 2524 465 2604 Spartanae
503 2523 716 2585 conditionem
748 2530 782 2585 et
813 2524 945 2587 iormsm
978 2526 1161 2607 cognovisse

64 2633 273 2717 conjecerim,
297 2650 389 2711 quam
410 2630 513 2692 literis
535 2629 651 2692 deinde
672 2637 735 2692 tsm
757 2634 888 2715 egregie
904 2632 1068 2696 mandasse
1088 2652 1162 2699 usr-

10 2786 12 2793 .
64 2749 164 2819 rstnr,
194 2747 231 2802 ut
259 2739 343 2801 liher
370 2739 430 2800 hac
462 2737 504 2799 de
534 2757 571 2799 re
600 2741 800 2820 conscriptus
821 2739 950 2823 publica
970 2743 1160 2804 recitatione
1234 2768 1236 2773 ·

64 2842 174 2931 dignus
195 2847 407 2930 judicaretur.
422 2836 458 2932 ⁹)
510 2846 558 2909 Ex
579 2846 693 2909 studiis
716 2847 856 2928 denique
877 2853 942 2912 suis
967 2850 1161 2931 geographi-

10 2934 12 2965 !
62 2958 106 3019 cis
129 2957 360 3038 operibusque,
389 2973 522 3034 quorum
550 2957 665 3036 passim
686 2958 805 3018 mentio
832 2958 883 3032 iit,
911 2959 974 3019 huc
998 2961 1161 3038 pertiuen-

61 3064 160 3139 tihus,
175 3065 214 3137 ,si
235 3069 379 3123 veterum
410 3063 564 3123 rationem
585 3069 743 3125 terrarum
765 3066 962 3145 cognitiones
993 3069 1053 3131 sihi
1075 3084 1161 3127 com-

61 3170 194 3253 parandi
227 3169 477 3246 consideramus,
507 3153 724 3233 Dicaearchus
757 3172 945 3236 ellicicudus
975 3181 1024 3234 est
1044 3176 1162 3235 itinera
1251 3248 1260 3261 Γ

62 3296 123 3359 per
144 3277 310 3341 Graeciam
332 3284 365 3339 et
387 3297 468 3359 quae
489 3297 619 3339 accessu
650 3279 812 3339 luciliores
838 3285 929 3340 eraut
958 3279 1034 3341 alias
1059 3288 1162 3342 terras

62 3387 254 3449 instituisse:
283 3385 547 3467 septentrionales
578 3385 661 3443 enim
692 3385 841 3462 regiones
870 3401 941 3442 eum
963 3402 1024 3444 nou
1046 3385 1162 3447 vidisse

64 3493 178 3558 Straho
193 3494 323 3554 disertis
344 3493 451 3554 serbis
472 3490 626 3572 prodidit
648 3491 875 3554 Dicaearchum
887 3492 1016 3573 puhlico
1030 3512 1162 3555 munere
1249 3572 1254 3587 Ι

66 3601 170 3682 aliquo
191 3603 224 3663 in
244 3602 315 3663 loco
340 3601 481 3663 iunctum
514 3618 584 3662 esse
610 3619 762 3680 nusquam
783 3605 955 3665 memoriae
982 3604 1163 3667 mandatum

65 3717 130 3786 eat,
160 3728 353 3790 quanquam,
384 3728 477 3789 quum
506 3711 600 3770 vitum
627 3711 660 3771 in
682 3710 827 3771 cisilihus
847 3711 943 3774 rehus
974 3721 1161 3795 occupatam

63 3815 193 3900 plurimi
214 3818 330 3880 iecisse
351 3817 524 3894 referatur,
553 3820 656 3898 lpsum
682 3819 720 3878 ah
743 3819 898 3902 ejusmodi
920 3823 1005 3883 curis
1026 3823 1161 3885 alienum

65 3922 164 3988 luisse
183 3924 267 3988 haud
290 3928 359 3988 seri
379 3926 483 3988 simile
504 3933 561 3986 eat.
582 3920 632 4009 ¹⁰)

137 4049 164 4121 t)
186 4053 319 4119 lisgerum
346 4050 374 4105 in
398 4051 532 4122 palaestra
557 4049 732 4125 geographica
756 4054 840 4120 t.ll‚
867 4070 894 4126 p.
913 4054 974 4114 423.
1009 4054 1161 4107 Messanam

65 4144 244 4218 Peloponnesi
270 4152 387 4220 patriam
405 4149 489 4202 nostri
508 4148 666 4204 Dicaearchi
690 4156 849 4204 statuentem
872 4149 955 4223 idque
972 4166 1006 4202 cx
1024 4145 1162 4201 Ciceronis

65 4242 234 4313 potissimam
254 4245 318 4298 loco
336 4260 397 4318 epp.
417 4243 452 4297 ad
469 4244 524 4298 htt.
542 4242 598 4309 Vl,
617 4247 652 4310 2,
672 4243 719 4297 ubi
737 4245 765 4298 in
784 4244 972 4317 Peloponneso
991 4241 1087 4298 vixisse
1104 4258 1161 4298 mc·

65 4342 194 4401 moratur,
213 4346 379 4408 repetentem
396 4356 486 4412 neque
504 4336 642 4393 Fabricius
660 4340 689 4392 in
707 4337 774 4392 hibi.
785 4341 832 4394 (tr.
850 4347 870 4391 t„
889 4336 947 4403 lll,
967 4355 994 4411 p.
1013 4336 1066 4394 486
1083 4354 1161 4392 secu·

66 4435 109 4482 tus
126 4440 170 4484 est
186 4440 216 4486 ct
231 4432 524 4490 Bottmsnuus'diserlo
542 4436 639 4491 Suidae
656 4438 718 4492 loco
737 4436 872 4491 refutarit.
908 4435 970 4508 Qua
988 4437 1059 4493 inre
1077 4437 1161 4492 ctiam

69 4527 222 4580 accuratius
246 4527 421 4596 dijudicanda
440 4530 512 4587 idem
529 4531 572 4587 uir
591 4531 758 4588 doctissimus
777 4531 922 4586 rectissime
949 4532 1158 4598 animadvertit,

69 4620 142 4690 qood
167 4621 365 4678 Dicaearchum
390 4624 521 4697 insignem
544 4627 653 4697 linguae
677 4635 705 4682 et
729 4645 834 4682 morum
856 4628 1007 4684 Siculorum
1032 4626 1160 4694 ualidam

69 4708 195 4772 Debuisse
212 4734 245 4773 ex
262 4718 367 4792 aliquot
382 4721 536 4793 fragmentis
553 4738 790 4793 cognosceremus:
814 4723 889 4798 quod
912 4721 1021 4796 quidem
1039 4736 1160 4774 momen·
