2610 5228
457 750 830 828 -147—

97 935 150 1009 τό
172 936 365 1010 παλαιὸν
384 926 494 1010 ούσά
513 961 618 1011 ποτε
638 933 768 1024 πόλις
787 940 858 1031 ἀφ’
884 936 1089 1033 ’Ἕλληνος
1108 944 1190 1011 τοῦ

98 1043 261 1118 Αἰόλου
282 1047 438 1142 ἐκλήθη
459 1071 503 1117 τε
529 1054 602 1119 καί
628 1048 826 1143 ἐκτίσθη,
863 1052 937 1142 τῆς
962 1051 1189 1120 Θετταλῶν

102 1141 217 1239 οῦοα,
237 1154 399 1249 χάρας,
434 1154 652 1253 άνάμεσον
685 1157 917 1248 Φαρσάλου
949 1182 990 1229 τι
1018 1156 1190 1253 κειμίυη

101 1268 267 1359 καὶτῆς
288 1263 373 1335 τῶν
396 1261 662 1336 Μελιταιίιυυ
682 1266 859 1347 πόλεως.
899 1263 1096 1359 Ἕλληνες
1115 1262 1189 1364 μίν

101 1371 178 1462 γάρ
210 1373 294 1441 εἰσι
327 1385 383 1460 τῷ
414 1372 524 1462 γένει
545 1380 617 1444 καί
638 1388 734 1457 ταῖς
756 1386 927 1467 φωναῖς
948 1375 1190 1469 ίλληυίζου·

101 1502 180 1563 σιν,
201 1481 271 1573 ἀφ’
288 1476 506 1565 Ἕλληνος·
534 1483 758 1577 Ἀθηναῖοι
780 1479 825 1552 δὲ
847 1488 890 1553 οἱ
908 1479 980 1576 τη“ν
999 1478 1190 1577 Ἀττικῇν

99 1593 412 1671 κατοικοῦντος
431 1588 612 1660 Ἀττικοί
639 1588 711 1681 μίν
740 1593 823 1659 ιίσι
851 1594 909 1678 τῷ
935 1587 1061 1678 γένει,
1098 1598 1191 1667 ταῖς

99 1690 144 1765 δὲ
179 1694 429 1777 διαλέκτοις
464 1696 776 1781 ἀττικίζουσιν,
819 1691 964 1788 ὥσπερ
1001 1699 1191 1783 Δωριεῖς

100 1802 175 1895 μὲν
198 1807 241 1872 οἱ
260 1800 345 1872 άπὸ
366 1803 523 1894 Διόρου
545 1808 595 1898 τῇ
617 1810 736 1899 φωνῇ
756 1804 1031 1897 δωρίζουσιν·
1053 1805 1190 1874 αίολί·

102 1910 223 1995 ζουσι
243 1904 289 1980 δί
310 1916 352 1981 οἱ
369 1909 454 1982 άπό
476 1915 659 1997 Αίόλου,
681 1913 858 1999 ἰάζουσι
879 1910 921 1983 δλ
945 1917 987 1983 ol
1005 1910 1091 1984 ἀπό
1107 1911 1190 1982 'Im-

102 2041 175 2099 νος
195 2025 274 2088 τοῦ
297 2017 468 2091 Ξούθου
491 2018 656 2112 φύντες.
692 2019 713 2112 ἡ
739 2009 813 2090 ούν
836 2009 993 2100 Ἐλλάς
1020 2018 1062 2086 ίν
1088 2020 1191 2086 Θετ·

102 2125 231 2213 ταλίηι
257 2113 317 2208 ἦν,
353 2122 427 2195 ὅτε
454 2123 562 2196 ποτλ
597 2117 662 2221 ἧν,
699 2127 772 2197 οὐκ
803 2128 845 2196 ίν
872 2131 920 2218 τῇ
950 2126 1128 2215 Ἀττικῇ.
1169 2123 1191 2190 ό

102 2237 203 2322 γοῦν
227 2225 407 2322 ποιητής
430 2251 549 2322 φησι·

166 2335 389 2428 Μυρμιδόνες
409 2330 448 2403 δὲ
471 2336 640 2404 καλεῦντο
662 2343 720 2404 καί
736 2332 903 2430 Ἕλληνες
922 2342 983 2407 καί
1001 2337 1144 2427 Ἀχαιοί,

102 2445 386 2534 Μυρμιδόνας
417 2439 492 2537 μίν
526 2442 664 2532 λέγων
699 2439 820 2514 εἶναι
852 2441 953 2527 τοῦς
986 2453 1087 2536 περί
1121 2441 1195 2541 την

106 2553 350 2634 Θετταλίας
374 2553 513 2621 Φθίαν
540 2559 884 2636 κατοικοῦντας,
915 2550 1122 2647 Ἕλληνας
1148 2551 1194 2624 δδ

101 2655 206 2740 τούς
237 2666 376 2751 μικρῷ
405 2656 622 2751 πρότερον
654 2660 889 2755 ρἠθίντας,
921 2657 1116 2750 Ἀχαιούς
1148 2659 1193 2733 δλ

102 2765 200 2850 τοῦς
233 2774 307 2838 καί
341 2772 410 2839 νῦν
445 2766 506 2838 ίτι
539 2770 853 2851 κατοικοῦντας
882 2767 1121 2842 Μελίταιάν
1150 2795 1193 2842 τε

104 2887 171 2947 καί
189 2871 427 2969 Λάρισσαν
454 2872 526 2972 τὴν
549 2872 806 2972 Κρεμαστὴν
835 2878 1102 2973 καλουμένην
1124 2886 1195 2950 καί

108 2985 252 3077 Θήβας
273 2979 350 3066 τάς
368 2985 561 3070 Ἀχαΐδας
581 2978 797 3075 πρότερον
823 2983 1024 3081 Φυλάκην
1045 2976 1194 3057 καλὸν·

103 3088 249 3187 μόνην,
278 3085 376 3159 ὅθεν
397 3076 442 3184 ἦν
464 3098 536 3159 καί
558 3090 863 3181 Πρωτεσίλαος
884 3095 904 3157 ό
929 3090 1196 3178 στρατεύσας

105 3202 164 3281 τίς
188 3194 320 3269 Ἱλιον.
356 3196 472 3267 ἔστιν
494 3185 564 3268 ούν
587 3192 781 3287 ἡἘλλάς
802 3196 870 3285 ὑφ’
897 3192 1107 3286 Ἕλληνος
1135 3199 1195 3265 σί-

106 3312 304 3377 κισθεῐσα
326 3304 451 3382 πόλις
471 3327 517 3371 τε
538 3308 609 3372 καί
636 3299 777 3391 χιύρα·
812 3311 1023 3393 μαρτυρεῖ
1049 3299 1094 3368 δδ
1123 3308 1196 3370 καί

107 3412 361 3508 Εὐριπίδης·
594 3506 597 3510 Ι

162 3518 295 3613 Ἕλλην
316 3519 405 3611 γάρ,
427 3521 476 3597 ιύς
495 3513 653 3605 λέγουσι,
675 3516 825 3604 γίγνεται
845 3506 949 3597 Διός,

163 3634 230 3698 τοῦ
250 3629 286 3698 δ’
307 3626 440 3707 Αἴολος
460 3638 561 3706 παῖς·
582 3619 717 3695 Αἰόλου
739 3618 777 3692 δί
799 3626 969 3714 Σίσυφος,

163 3734 327 3829 Ἀθάμας
346 3758 385 3804 τε
406 3732 566 3827 Κρηδεύς
585 3733 621 3801 θ’
644 3727 684 3813 ός
702 3730 737 3799 τ’
760 3733 818 3801 ἐπ’
839 3731 999 3825 Ἀλφειοῦ
1018 3733 1120 3828 ῥοαῖς

166 3846 256 3913 θεοῦ
276 3851 395 3938 μανείς
416 3840 536 3937 ίρριψε
556 3837 768 3939 Σαλμωνεύς
789 3839 916 3932 φλόγα.

114 3946 258 4033 Ελλάς
286 3946 361 4043 μίν
392 3942 465 4020 σύν
495 3953 601 4032 ἐστι,
642 3944 784 4039 ιύσπτρ
815 3956 951 4046 μικρῷ
981 3952 1196 4040 πρότερον

108 4062 348 4156 εἰρήκαμεν,
370 4056 416 4154 ἢν
439 4061 458 4127 ό
482 4052 743 4147 ΔιόςἝλλην
764 4056 947 4142 ἔκτισεν,
980 4059 1052 4147 ἀφ’
1076 4045 1127 4127 ού
1148 4053 1196 4127 τό

107 4166 344 4261 ἑλληνίζειν
366 4163 434 4245 τὴν
455 4169 755 4261 προσηγορίαν
776 4160 963 4260 εἴληφεν·
998 4161 1199 4257 Ἕλληνες

107 4278 144 4345 δ’
173 4277 216 4344 σί
241 4275 316 4366 άφ’
344 4271 556 4370 Ἕλληνος.
593 4263 713 4344 ούτοι
744 4275 778 4344 δ’
810 4276 912 4342 εἰσίν
941 4268 1099 4352 Αἴολος
1130 4283 1197 4343 καὶ

106 4385 312 4474 Σίσυφος,
334 4383 397 4454 ἔτι
419 4379 466 4453 δὲ
484 4383 667 4478 Ἀθάμας
688 4390 759 4453 καί
780 4373 1040 4468 Σαλμωνεύς
1061 4389 1135 4451 καί
1157 4386 1201 4451 οἱ

106 4487 270 4563 τούτων
292 4487 442 4585 φύντες
463 4491 642 4581 ἔκγονοι.
665 4493 686 4582 ἡ
708 4488 754 4559 δλ
775 4488 1009 4585 καλουμένη
1031 4491 1199 4560 νῦνἘλ-

106 4602 183 4689 λάς
203 4601 376 4695 λίγεται
395 4602 484 4698 μέν,
506 4605 553 4672 ού
575 4601 722 4694 μέντοι
742 4598 845 4667 ίστί·
875 4593 920 4668 τό
942 4594 1019 4690 γάρ
1040 4601 1200 4693 ίλληνί·

109 4718 197 4799 ζειν
225 4714 305 4805 ίγυί
335 4737 437 4808 φημι
468 4710 541 4781 ούκ
572 4710 615 4779 ίν
646 4710 705 4796 τῷ
733 4701 1011 4795 διαλέγεσθαι
1043 4708 1199 4794 όρδιῦς,

931 4820 1002 4898 10*
