2610 5228
441 85 785 159 ...79-

68 282 121 332 sius
141 284 216 349 λόγος
234 275 434 343 intelligendum
455 296 553 349 cosque
581 278 681 341 libros,
712 281 815 330 ratione
839 278 936 329 Suidae
962 279 1157 330 Dicaearchum

67 379 169 449 ῥήτορα
185 373 343 444 appellantis
360 372 473 435 habita,
505 391 554 443 pro
581 373 748 424 orationibus
770 371 979 426 considerandos
997 390 1053 426 esse
1071 373 1158 426 credi-

67 467 117 520 dia
146 468 235 534 Quam
254 468 415 520 seutentiam
432 469 484 534 jam
503 466 641 520 Fabricius
658 466 833 538 impugnavit,
853 468 898 537 qui
917 468 970 521 l.c.
989 466 1071 521 libros
1089 485 1159 540 quoa
1240 472 1245 483 “

67 561 123 614 dixi
138 579 195 615 non
213 559 297 628 ruspir
316 578 396 633 quam
413 560 600 636 Kopssoruaris
617 571 645 631 et
660 560 809 633 Acestensis
826 561 981 627 orationcr,
999 560 1046 615 sed
1063 561 1158 617 eodem

66 655 146 710 morlo
163 655 285 724 dialogos
301 654 392 726 potius
410 653 491 708 luisse
509 655 657 724 suspicatus
680 663 728 708 est
769 653 903 719 Naelriur,
936 672 1015 727 quesn
1034 655 1159 712 Osannus

65 749 164 805 lande
180 757 360 813 scrutamur,
389 749 423 802 sd
440 747 646 823 Παναθηναῖιὸς
662 756 690 802 et
710 745 867 823 ’Dlupsrrsle
890 749 924 803 cl.
944 750 1060 823 exempli
1078 768 1159 807 canaa

63 844 151 900 lhuc.
170 846 201 909 1,
218 846 237 901 6
252 853 279 903 is
295 845 332 917 τῷ
346 843 514 918 'Oloressessi
531 841 623 917 aipein,
640 844 800 898 vocabulum
817 841 888 918 elyas
905 852 994 899 ruente
1012 845 1158 918 rupplerit

64 939 142 1008 Quae
166 938 196 992 hi
221 939 273 993 riri
298 938 446 993 doctissimi
469 955 520 1009 pro
545 954 594 989 sua
622 939 755 991 sententia
779 940 926 992 attulerunt
951 947 1160 1007 argumentare

62 1035 187 1106 inprimis
205 1051 234 1087 re
252 1033 374 1103 adjurari
392 1050 504 1096 censeo,
533 1032 607 1104 quod
630 1049 699 1104 quae
717 1031 775 1085 istis
792 1033 875 1086 titulia
892 1043 1012 1087 servatae
1030 1042 1095 1088 sunt
1111 1050 1160 1087 em·

62 1129 212 1200 positiones
230 1129 339 1181 minime
358 1137 437 1198 aptae
455 1143 512 1181 esse
530 1136 676 1199 apparent,
702 1126 792 1180 locum
810 1127 839 1180 iu
859 1127 948 1200 aliqua
967 1129 1089 1182 oratione
1106 1126 1159 1181 sibi

62 1219 239 1311 vindvdo.
273 1221 345 1275 Fieri
363 1238 427 1275 vero
446 1210 554 1293 quoque
573 1228 676 1292 potest,
711 1229 740 1274 ut
767 1220 899 1293 quispiam
923 1221 1039 1277 achillas
1064 1222 1160 1276 inseri

62 1315 172 1387 ptionea
193 1320 250 1386 βίος
272 1332 372 1369 nomen
397 1323 487 1368 mente
514 1313 695 1383 adjiciendum
722 1332 780 1370 esse
804 1324 831 1368 er
847 1315 1008 1370 Dicaearchi
1031 1335 1091 1371 eam
1109 1317 1159 1372 «le-

62 1410 234 1483 scriptionem
254 1408 328 1465 ritae
345 1410 503 1481 Olympicse
521 1418 548 1463 et
566 1410 783 1464 Panathenaicae
801 1410 882 1463 luisse
901 1412 1039 1480 conjiciat
1076 1411 1159 1465 Cete-

62 1520 120 1557 rum
138 1521 173 1558 eo
189 1505 262 1567 loco,
281 1503 328 1556 ubi
346 1520 379 1557 ex
396 1504 502 1570 vulgara
522 1504 630 1576 quidem
648 1505 765 1558 lectione
783 1504 818 1558 de
839 1505 1000 1559 Dicaearchi
1015 1502 1159 1576 Olympico

63 1596 144 1651 rerba
164 1599 245 1660 fiunt,
263 1597 393 1668 suspicari
411 1597 522 1651 fortasse
540 1598 643 1661 liceret,
663 1605 689 1655 la
706 1599 743 1669 cpi
756 1595 907 1671 Ὀλυμπικῷ
925 1598 1016 1662 rerba,
1034 1598 1159 1670 adquae

60 1687 142 1763 inira
159 1693 204 1743 rel
222 1688 328 1766 &isuper
345 1690 490 1756 cogitando
509 1691 608 1753 addas,
639 1691 723 1761 priori
748 1691 812 1742 olim
835 1692 897 1743 loco
915 1690 1004 1744 sedem
1021 1690 1159 1757 habuiese,

60 1804 109 1859 per
124 1782 289 1858 Ὀλυμπιάσι
306 1793 394 1837 sutem
412 1784 524 1839 verbum
543 1794 615 1839 mota
632 1802 665 1838 eo
683 1784 833 1855 irrepsisse,
866 1783 912 1839 uhi
931 1802 1003 1839 nunc
1020 1785 1161 1858 reperiun-

59 1888 121 1943 lar,
144 1879 184 1931 ita
202 1887 232 1931 ut
250 1895 332 1949 opus,
356 1877 385 1929 iu
404 1895 456 1949 quo
475 1877 656 1932 Dicaearchus
673 1879 719 1931 illa
739 1888 913 1950 exposuerat,
936 1880 1017 1950 plane
1035 1897 1091 1933 nou
1110 1897 1162 1935 no·

60 1976 193 2029 minatum
212 1969 314 2027 suiract.
352 1971 488 2040 Quoniam
507 1971 622 2042 denique
641 1971 758 2026 dubitari
776 1973 886 2046 nequit,
914 1973 980 2045 quiri
1001 1969 1160 2049 ’Olupsssnrig

61 2069 156 2122 titulus
175 2066 237 2120 libri
257 2066 299 2119 rel
317 2065 413 2136 capitis
430 2065 520 2138 potine
539 2067 631 2130 luerit,
660 2069 738 2122 ctiaru
766 2069 842 2122 locut
860 2069 1059 2123 Ciceronianus
1077 2070 1160 2124 silen-

62 2163 102 2217 tio
119 2180 176 2216 nun
193 2160 406 2233 praetereundus
424 2169 478 2224 err,
505 2160 568 2232 qui,
597 2161 618 2213 si
643 2160 730 2216 obiter
748 2162 933 2216 consideratur
950 2164 992 2232 (id
1011 2164 1084 2235 quod
1103 2163 1157 2234 ipri

63 2257 175 2310 Osanna
192 2253 342 2322 acciderat)
360 2271 409 2306 nos
427 2253 506 2307 facile
528 2265 710 2319 commoveat,
741 2264 772 2309 ut
792 2257 869 2331 λόγος
892 2275 941 2329 pro
965 2259 1156 2329 supplemento

63 2350 98 2404 sd
111 2347 269 2423 'olupmle
285 2349 342 2401 vesi
359 2347 493 2400 simillimo
511 2347 665 2402 habeamus.
702 2350 786 2403 llicce
805 2361 897 2404 aurem
914 2352 1006 2415 locus,
1034 2371 1088 2423 quo
1108 2352 1157 2405 ei·

63 2461 125 2500 cero
142 2444 178 2498 sta
195 2444 298 2517 scripto
322 2440 373 2496 sibi
398 2443 561 2496 elaborando
588 2443 694 2498 disserit
716 2447 750 2498 cl.
779 2444 813 2496 ad
831 2447 885 2497 Art.
905 2446 985 2508 xlll,
1004 2448 1029 2502 6.
1047 2451 1090 2502 32.
1109 2449 1155 2512 ³3,

64 2528 156 2594 estat
172 2539 228 2594 Att.
246 2539 326 2603 xm,
345 2540 395 2596 30:
428 2538 512 2600 „volo
530 2538 647 2609 aliquem
666 2538 808 2608 Olympiae
828 2546 875 2589 aut
893 2538 938 2588 ubi
957 2540 1060 2602 visum,
1079 2544 1157 2595 πολι-

64 2632 136 2693 ωόμ
152 2637 297 2707 atnepos,
322 2648 397 2685 more
415 2630 589 2695 Dicaearchi,
611 2629 754 2682 familiaris
777 2632 848 2681 tui.⁸‘
895 2630 982 2697 Quem
1007 2630 1041 2681 ad
1065 2623 1156 2683 locum

64 2727 131 2783 inser
149 2724 217 2782 alios
234 2728 372 2782 Erneelius
391 2724 517 2787 adnotat,
544 2724 701 2778 Ciceronem
725 2725 754 2774 in
779 2722 846 2774 libro
866 2721 1062 2776 conscribendo
1080 2738 1157 2793 prae·

66 2822 151 2877 sertim
164 2818 323 2896 Ὀλυμπικόν
339 2816 502 2875 Dicaearchi
521 2816 656 2888 exemplar
673 2815 726 2868 sibi
744 2821 926 2886 proposuisse,
949 2834 1104 2889 quanquam
1123 2831 1155 2869 ea

66 2917 168 2971 talione
184 2915 266 2970 eiiam
284 2913 460 2969 Corinthiaco
479 2918 506 2964 cl
530 2909 605 2963 libris
624 2907 776 2974 Lesbiacis,
809 2928 877 2982 quoa
900 2927 916 2963 a
940 2911 1068 2965 scrruonis
1091 2910 1155 2966 loeo
1262 2954 1265 2959 .

10 3024 13 3037 ’
67 3025 160 3065 nonen
177 3009 289 3064 traxism
307 3025 385 3080 supra
404 3006 534 3069 vidimus,
554 3021 610 3058 non
628 3005 751 3075 euclasis.
787 3005 838 3058 Sed
858 3005 952 3060 dehis
970 3006 1075 3061 duobus
1093 3015 1154 3061 tan·

67 3108 118 3159 lum
139 3102 250 3176 scriptia
267 3133 298 3148 ·-
318 3103 385 3156 alios
408 3102 478 3154 enim
503 3098 662 3154 Dicaearchi
685 3098 768 3153 libros
791 3098 885 3154 eodem
910 3101 992 3155 modo
1016 3101 1154 3158 institutos

67 3197 215 3268 ineramus
229 3226 265 3241 -
282 3212 317 3251 aa
333 3194 588 3258 Osanniseutentia
606 3192 776 3261 cogitandum
800 3206 841 3250 esr
863 3196 950 3269 iisque
975 3198 1015 3250 rir
1032 3198 1155 3252 doctissi-

68 3309 123 3349 mas
138 3294 296 3351 Ciceronem
314 3290 441 3364 quodlad
458 3290 572 3344 sormam
589 3290 617 3341 in
636 3288 822 3360 componendo
841 3287 910 3344 libro
928 3290 962 3344 de
980 3292 1064 3358 gloria
1077 3310 1153 3345 usum

67 3385 144 3443 iaiaas
158 3388 284 3458 conjicit.
319 3388 356 3441 tis
374 3385 408 3439 ad
424 3387 499 3439 illum
518 3384 633 3456 denique
652 3383 789 3440 Ciceronis
807 3383 897 3440 locum
914 3395 1046 3450 revertar,
1067 3388 1154 3439 anim·

67 3482 255 3538 almaenrlom
280 3489 322 3536 est
346 3481 421 3555 quod
444 3480 548 3534 disertis
570 3477 609 3532 ibi
634 3477 724 3533 rerhis
746 3479 845 3534 dicitur
868 3480 1008 3551 Olympias
1034 3492 1083 3532 nus
1104 3477 1154 3531 rabi

64 3577 153 3631 riaaaar
169 3584 198 3633 et
215 3576 289 3652 quod
307 3591 382 3631 more
395 3573 566 3628 Dicaearchi
582 3571 664 3627 verba
682 3573 717 3626 ad
734 3572 883 3646 proximum
900 3582 1004 3627 tantum
1021 3571 1154 3632 aarum&

67 3670 190 3746 stum
205 3676 319 3746 ejusque
336 3670 445 3743 quidem
462 3668 575 3722 formam
593 3668 731 3723 referenda
749 3676 822 3722 sunt.

131 3767 198 3834 101)
214 3763 297 3837 Quod
314 3761 496 3819 Dicaearchus
517 3762 551 3817 de
568 3762 657 3818 scaliis
680 3767 873 3817 commentatus
889 3766 945 3825 est,
977 3775 1038 3814 cum
1056 3760 1152 3815 studiia

63 3857 134 3928 cias,
155 3857 253 3933 quihus
263 3858 389 3913 Alcaeum
407 3863 518 3931 poetam
535 3854 615 3911 eu'in
633 3873 729 3925 genere
746 3852 996 3909 excellentisrim'um
1015 3858 1151 3928 ampleaua

60 3959 119 4019 est,
145 3954 201 4021 jars
212 3952 298 4025 ‘snpra
315 3953 505 4010 collocavimus
529 3950 564 4007 ci.
582 3951 645 4005 ath.
662 3950 725 4015 XV,
744 3949 804 4007 694.
824 3953 916 4027 aulaei
932 3971 960 4006 aa
976 3947 1026 4023 τὴν
1041 3945 1152 4026 rippari-

59 4043 1152 4124 murmoraverirmolnmarrtvtseueuuosiarrvjrrteair
1211 4044 1261 4067 “’
