2610 5228
417 806 513 816 ·-·-·
563 771 786 847 tt7·--

58 969 139 1031 iocis
152 970 291 1050 exponit,
314 986 445 1049 qnorum
467 969 548 1029 alter
561 969 817 1049 corruptissimus
837 973 895 1045 est,
916 968 1016 1029 altero
1038 968 1150 1030 liosoti

58 1078 100 1139 ad
121 1097 208 1138 mure
222 1095 322 1157 usque
336 1077 510 1139 Euboicum
531 1078 655 1158 porrigi
671 1076 863 1153 referuntur,
883 1077 1005 1138 lielium
1026 1096 1149 1139 sacrum

58 1187 151 1268 cujua
178 1188 211 1248 in
240 1187 420 1267 aromaphe
448 1185 532 1247 uulla
562 1186 680 1247 mentio
708 1185 793 1246 iacta
820 1191 869 1247 est
895 1192 1087 1247 memoratur
1118 1191 1152 1246 et

59 1300 239 1374 praeterea,
263 1301 297 1354 nt
315 1295 408 1354 etiam
430 1295 461 1354 iu
477 1293 665 1374 anagraphe,
687 1293 784 1369 Aulis,
805 1293 954 1373 Euripus,
973 1291 1152 1367 Anthedon,

60 1399 204 1477 Thebae,
222 1401 381 1480 Thespiae
408 1408 441 1461 et
461 1400 677 1462 Orchomenus
704 1408 935 1461 enumerantur.
977 1398 1152 1481 Singulari·

58 1513 111 1570 ter
132 1507 247 1588 Scylax
274 1509 425 1570 Boeotiae
453 1510 811 1590 praeternavigationem
838 1499 938 1594 μέχρι
966 1513 1039 1569 τῶν
1064 1509 1151 1570 Λευ·

58 1621 133 1680 κῶν
162 1611 270 1699 ὁρίων
298 1614 430 1700 (nescio
450 1625 555 1679 utrum
582 1606 681 1706 μέχρι
710 1617 782 1680 cciv
803 1615 957 1697 Λοκρῶν
983 1610 1090 1696 ὁρίων
1112 1634 1151 1677 an

57 1728 134 1787 auio
153 1717 299 1788 Λευκῶν
323 1722 419 1808 ὀρῶν
440 1725 678 1788 rescribendum
691 1720 755 1812 sit)
778 1723 983 1785 ducentorum
1000 1725 1154 1803 quinqua·

57 1831 149 1913 ginta
175 1831 348 1894 stadiorum
383 1851 452 1895 esse
482 1833 640 1894 indicavit.
700 1831 763 1895 Sed
798 1830 883 1912 quod
919 1830 958 1891 ad
991 1831 1153 1893 Boeotiam

56 1944 223 2020 spectata
243 1947 495 2002 nostroauotore
516 1959 577 2002 non
592 1940 691 2003 solum
713 1959 760 2016 es,
782 1959 862 2020 quae
884 1939 967 2021 apud
988 1939 1152 2019 Scylacem

60 2061 190 2124 quoqne
203 2043 306 2105 locum
323 2045 449 2123 hahent,
462 2047 560 2107 multo
575 2049 754 2121 accuratius
769 2056 967 2122 enarrantur,
987 2047 1044 2108 sed
1059 2048 1155 2106 etiam

56 2142 208 2213 nonnulla
229 2151 440 2233 adjiciuntur,
473 2173 605 2234 qnorum
634 2155 718 2236 apud
740 2155 904 2236 Scylacem
925 2155 1042 2215 unllum
1065 2153 1155 2214 adest

58 2258 239 2340 vestigium.
286 2260 363 2338 Quo,
376 2262 519 2340 pertinet
540 2261 625 2341 quod
646 2264 776 2324 Boeotia
798 2283 816 2323 a
836 2261 978 2323 Phocide
999 2262 1154 2322 orientem

19 2418 22 2423 .
58 2383 173 2427 amns
192 2366 254 2427 sita
275 2384 344 2428 esse
365 2366 522 2446 traditur,
542 2368 605 2429 duo
627 2376 749 2430 montes
769 2367 908 2431 Helicon
929 2374 963 2428 et
984 2366 1155 2428 cithaeron

56 2480 296 2551 memorantur,
326 2473 453 2554 Oropus
484 2482 517 2536 et
545 2475 730 2556 Amphiarai
764 2494 905 2551 sacrum,
935 2475 1157 2555 Empereaiura
1239 2520 1243 2527 .

53 2574 264 2669 (quanquam
286 2579 318 2640 id
341 2581 467 2642 aliunde
490 2601 552 2644 uon
572 2579 680 2666 novi),
694 2582 848 2663 Tanagra,
869 2583 990 2663 Copae,
1009 2581 1156 2644 Lebadea

60 2707 137 2752 cam
156 2686 334 2768 Trophonii
354 2708 464 2766 sacro,
493 2690 625 2775 Ocalee,
646 2690 804 2767 Medeon,
833 2697 867 2752 et
894 2690 1041 2753 Plataeae
1061 2689 1157 2752 urhes

60 2815 187 2861 necnon
208 2795 295 2856 fluvii
315 2795 454 2857 ismenus
474 2802 509 2858 et
522 2798 647 2877 Asopos
667 2798 860 2860 referuntur.
903 2797 1081 2879 Largitudo
1102 2798 1159 2858 de·

14 2934 24 2951 ·
59 2905 163 2985 nique
184 2904 334 2967 Boeotiae
355 2924 373 2965 a
394 2913 502 2967 nostro
524 2914 656 2967 auctore
676 2905 847 2967 stadiorum
869 2904 914 2979 ll,
935 2905 1067 2986 ejusque
1087 2904 1159 2968 lati·

61 3012 144 3077 tndo
174 3010 345 3074 stadiorum
375 3011 510 3074 cclxx
541 3032 611 3074 esse
632 3012 769 3074 indicata
800 3020 857 3074 eat.
908 3012 942 3073 lu
965 3011 1081 3074 Cretae
1102 3012 1160 3074 de·
1283 3023 1290 3035 ·

61 3105 241 3201 scriptione
261 3121 458 3200 anagraphes
478 3122 603 3182 auctori
624 3139 694 3180 cnm
718 3120 851 3199 Scylace
880 3121 1042 3196 convenit,
1074 3118 1159 3199 quod

62 3237 203 3308 aterque
235 3246 303 3288 eam
323 3227 454 3288 insulam
475 3227 664 3287 exadversus
685 3227 843 3305 cytharae
872 3227 963 3286 sitam
984 3245 1055 3286 esse
1076 3202 1168 3288 eam-⁹

56 3354 133 3417 ,qne
152 3334 244 3396 ualde
272 3342 433 3415 unguntum
464 3340 497 3395 et
526 3333 589 3396 duo
610 3334 708 3395 millia
734 3332 907 3394 stadiorum
935 3339 969 3393 et
990 3335 1161 3414 quingenta

57 3444 193 3524 longam
212 3461 283 3504 esse
303 3441 445 3503 tradidit.
487 3440 533 3503 lie
554 3442 752 3504 cretensium
774 3457 901 3520 quoque
923 3442 1046 3521 origine
1068 3442 1161 3522 plana

64 3552 285 3628 consentiunt,
309 3551 368 3611 nisi
391 3548 475 3630 qood
497 3549 609 3629 Scylax
630 3555 760 3628 praeter
781 3548 931 3628 Argivos,
951 3548 1162 3612 Lacedaemo·

35 3661 140 3751 ,flos
169 3667 203 3723 et
222 3660 430 3723 Athenienses
459 3658 588 3719 colonos
615 3656 743 3719 disertis
771 3657 877 3718 seritis
905 3657 999 3719 etiam
1025 3663 1162 3721 ceteram

66 3767 238 3831 (la-aeciam
258 3766 362 3829 reiert
382 3767 510 3828 colonos
531 3766 646 3828 Cretae
668 3765 899 3846 suppeditasse.
946 3765 1062 3828 lilultss
1083 3768 1163 3829 Gre-

41 3883 125 3959 rtae
144 3874 240 3937 arhes
262 3893 331 3935 esse
352 3882 488 3954 uterque
508 3875 669 3950 indicarit,
689 3876 773 3937 inter
795 3895 872 3956 quaa
891 3877 930 3938 ah
945 3877 1058 3938 iisdem
1072 3876 1164 3938 simul
1223 3888 1230 3898 “

10 4022 46 4079 Γ·
66 3980 261 4049 Phalasarua
283 3981 480 4043 occidentem
495 4000 603 4043 uersus
623 3984 683 4045 sila
697 4003 767 4045 cum
790 3992 884 4065 portu
906 3986 1024 4045 munito
1045 4000 1164 4045 memo-

15 4142 23 4159 „
67 4096 171 4155 ratur.
222 4090 258 4152 ln
279 4108 317 4150 eo
339 4096 442 4151 tamen
466 4089 650 4166 discedunt,
680 4093 764 4171 qnod
786 4100 893 4153 noster
914 4089 1164 4167 auctor-Dianae

10 4206 17 4243 ²·
40 4236 45 4243 ·
67 4201 247 4282 Dictynnae
268 4221 391 4263 sacrum
413 4221 484 4263 cum
505 4201 692 4263 Phalasarna
714 4204 792 4264 urbe
813 4203 956 4278 collocat,
978 4217 1072 4279 qoam
1086 4196 1165 4276 Scy·

10 4308 14 4347 ¹
69 4308 125 4374 las
151 4307 184 4371 id
210 4328 334 4372 uerum
364 4308 415 4368 vel
442 4308 552 4369 saltem
581 4308 806 4389 Dictynnaeum
837 4309 957 4371 liianac-
980 4324 1104 4372 sacrum
1130 4306 1164 4367 in

10 4432 15 4461 ⁵
69 4417 138 4481 atie
156 4416 275 4478 insulae
297 4421 390 4496 parte
404 4415 558 4495 posuerit
599 4414 720 4476 lllultae
742 4411 858 4474 deinde
872 4412 967 4474 urbes
988 4412 1071 4493 apud
1087 4413 1165 4492 Scy·

10 4508 49 4597 ¹„
70 4522 177 4587 lacem
198 4529 398 4583 enumeratae
425 4526 514 4599 snat,
543 4540 674 4601 quarum
703 4519 787 4601 apud
808 4526 948 4581 nostrum
975 4522 1166 4601 scriptore·

19 4654 34 4691 ·.
55 4648 118 4709 une
137 4630 302 4710 vestigium
325 4627 452 4709 quidem
472 4628 642 4693 indicatum
664 4632 722 4703 est,
743 4627 787 4688 ita
807 4632 843 4688 ut
862 4633 991 4707 praeter
1004 4628 1166 4690 Phalasar-

10 4744 149 4841 ’μμ
169 4743 204 4800 st
223 4740 413 4823 epicrocum
438 4738 498 4815 (at
524 4736 559 4800 ia
577 4734 765 4820 aoagmpha.
787 4753 915 4819 quoque
932 4734 1099 4821 legendum
1119 4735 1165 4798 si·
1192 4720 1197 4729 ’

10 4850 29 4895 ι
