2610 5228
432 690 776 797 ...pn-

10 992 19 1015 μ
58 924 96 982 ut
112 899 257 994 sidem,
276 917 347 977 erte
365 914 485 977 musice
505 917 694 995 occupatum
713 914 823 994 fuisse,
841 932 881 979 ex
899 918 972 981 ioco
985 918 1149 989 Piuturciui

59 1043 161 1107 repre
177 1023 338 1104 emcripto
351 1020 402 1109 ”)
423 1028 458 1084 et
477 1039 517 1084 er
536 1021 712 1104 irsgmeuto
724 1018 814 1088 Βίου
834 1022 895 1111 τῆς
910 1015 1076 1104 Ἑλλάδος
1096 1048 1149 1095 sn·

61 1130 195 1216 perstite
207 1125 260 1216 ⁸⁰)
281 1149 343 1225 pro
363 1131 439 1195 ustis
459 1135 548 1193 certo
568 1136 720 1213 repetere
733 1131 896 1195 «iubemus.
921 1133 1055 1199 iiiccudi
1070 1154 1150 1218 quu-

63 1259 126 1322 pue
142 1242 302 1314 rstiones,
335 1258 416 1320 quse
436 1257 476 1302 ex
493 1240 565 1302 'erte
583 1241 703 1303 munos
727 1248 847 1303 sumne
875 1241 908 1302 iu
936 1244 1150 1323 compluribus

62 1349 128 1432 cius
148 1346 336 1429 irogmeutis
354 1348 576 1429 reperiuntur,
590 1342 641 1433 ⁸¹)
679 1346 763 1427 quoi
789 1349 950 1409 minimum
971 1355 1021 1410 est
1039 1347 1152 1412 iiicse·

59 1456 192 1519 croisum
212 1474 280 1518 eum
301 1457 459 1538 cognitum
479 1456 625 1519 hahuisse
638 1461 802 1519 testentur.
836 1455 901 1517 Sed
916 1456 1044 1518 disertis
1056 1457 1152 1537 piune

59 1564 165 1629 veritis
189 1563 377 1627 iiieceurciui
401 1565 480 1647 περὶ
505 1563 671 1654 μουσικῆς
700 1583 780 1645 opus
807 1573 1084 1627 commemorstum
1112 1584 1153 1629 ex

60 1691 166 1755 euque
187 1673 278 1735 locus
303 1675 488 1755 propositus
516 1678 567 1737 est
592 1672 633 1734 de
660 1692 719 1735 usu
746 1673 916 1753 antiquitus
941 1671 1061 1734 meiito
1090 1690 1153 1753 per

59 1781 278 1843 recitationem
299 1783 332 1844 in
347 1782 497 1845 conviviis
516 1801 637 1845 remum
656 1781 798 1844 inureum
818 1782 869 1843 vei
888 1787 1044 1865 myrteum
1059 1800 1154 1843 muno

61 1889 201 1955 tenendi.
215 1881 265 1976 ⁸²)
307 1892 376 1955 (ius
396 1899 498 1954 temen
519 1893 552 1953 iu
572 1911 610 1954 re
631 1892 747 1974 conjici
769 1896 896 1972 posset,
916 1908 1018 1970 esque
1038 1888 1153 1952 Nrekii

62 1998 112 2074 ct,
130 2003 168 2059 ut
188 1996 328 2077 videtur,
349 2000 443 2063 etium
464 2001 579 2063 0sunni
599 2000 661 2062 init
680 2000 845 2078 sententis,
859 1991 910 2085 ⁸³)
930 1998 1012 2082 περὶ
1033 2012 1153 2083 μουσι-

61 2102 120 2189 κῆς
141 2105 317 2168 uuiversum
337 2114 457 2171 tentum
478 2107 739 2188 significetionem
755 2118 890 2185 eumque
903 2107 1027 2168 nonnisi
1041 2126 1060 2167 s
1073 2106 1157 2167 cori·
1231 2146 1233 2153 ·

61 2215 173 2291 piore,
204 2213 259 2290 qui
284 2214 320 2274 iu
349 2211 475 2276 citsncio
495 2214 676 2276 festinasset
697 2216 783 2276 etin
803 2220 966 2294 angustum
988 2214 1155 2294 coegisset,

60 2317 240 2398 proiectum
265 2336 336 2380 esse
363 2337 424 2399 pro
449 2318 531 2400 περὶ
563 2315 740 2400 μουσικῶν
769 2308 942 2396 ἀγώνων,
973 2325 1008 2379 et
1025 2318 1158 2380 Luciuni

58 2423 250 2487 schoiiutes
278 2423 388 2484 efferri
415 2429 542 2506 posset,
577 2425 648 2504 qni,
683 2423 737 2485 nisi
757 2423 945 2486 iiicrcsrcini
972 2425 1159 2487 relationem

58 2530 158 2594 nodo
181 2548 252 2593 cum
271 2531 572 2614 siiis.rcriptoriius
592 2532 632 2594 rui
652 2533 749 2589 verbs
762 2539 973 2592 consoutuuco
992 2532 1157 2613 proponit,

61 2637 95 2701 si
114 2638 160 2699 iis
181 2655 222 2697 eu
244 2637 370 2709 differt,
401 2638 502 2714 qnod,
534 2654 629 2714 quum
659 2634 707 2696 iiii
733 2629 770 2698 ἑο
795 2633 850 2718 τῷ
874 2637 956 2721 περὶ
976 2637 1156 2722 μουσικῶν

62 2732 404 2825 &renunciaverint
424 2739 496 2820 ipse
513 2730 550 2802 ἑυ
570 2736 624 2820 τῷ
644 2740 726 2825 περὶ
745 2741 913 2828 μουσικῆς
933 2745 1088 2826 siiegsvit
1101 2738 1154 2833 ⁸⁴)

61 2846 186 2911 romu·
207 2846 335 2926 quidem
357 2862 426 2909 esur
442 2849 683 2930 repugnentism
697 2848 738 2910 uo
750 2849 857 2913 medio
870 2850 986 2914 toliere
999 2854 1046 2915 itu
1059 2871 1155 2915 cone·

62 2960 113 3019 tus
132 2959 199 3032 est,
231 2961 268 3017 ut
286 2955 368 3037 περὶ
395 2956 560 3040 μουσικῆς
588 2976 649 3038 pru
675 2958 769 3021 tituio
797 2960 896 3022 totius
916 2961 1042 3041 operis,
1071 2957 1156 3042 περὶ

64 3059 242 3147 ponamus
264 3051 415 3144 oipw'vwv
442 3069 546 3126 sutem
566 3083 628 3145 pro
649 3065 858 3146 inscriptione
879 3069 979 3150 ospiti
999 3066 1050 3128 vei
1070 3067 1158 3147 porti

63 3172 133 3257 eju
152 3171 261 3252 operis
281 3171 432 3234 sttriiutu
452 3172 679 3235 consideraret.
692 3170 743 3255 ⁸⁶)
778 3175 865 3252 Ques
886 3175 1028 3253 suspicio
1049 3193 1068 3234 s
1087 3173 1158 3235 veri

63 3279 175 3362 specie
196 3276 289 3359 plene
309 3278 411 3341 olicus
432 3297 502 3343 esse
521 3278 601 3339 mihi
620 3277 758 3354 videtur,
778 3296 838 3339 nec
860 3277 901 3337 de
913 3278 1044 3338 Lucisni
1065 3278 1158 3340 sciro-

61 3386 154 3451 iiute
174 3384 400 3462 inniteremur,
432 3385 508 3464 quin
529 3384 598 3466 ejus
619 3382 737 3445 uituudi
757 3385 840 3443 rstio
861 3399 924 3444 nou
943 3384 1044 3443 miuus
1066 3402 1159 3462 quum

63 3492 109 3571 141,
125 3490 212 3574 quoi
224 3511 285 3574 pro
300 3494 381 3577 τρία
395 3480 473 3580 γένη
487 3488 594 3573 ῴδυῖυ
607 3491 692 3573 quud
708 3490 810 3555 ceteri
822 3491 997 3573 scriptores
1008 3490 1159 3555 exhibent
1220 3480 1223 3485 ’

64 3589 132 3663 oin
153 3591 234 3687 γὲνῆ
257 3591 362 3680 φ’δοῖυ
384 3598 560 3678 substituit,
578 3600 754 3663 levissimae
774 3598 968 3663 festinationi
988 3601 1065 3663 vitio
1087 3618 1159 3663 ver·

63 3705 196 3771 tendum
214 3703 327 3789 ι11.”)
368 3706 451 3770 Nuus
471 3706 581 3770 erdem
601 3713 707 3771 sutem
724 3708 807 3771 rstio
826 3708 861 3771 lu
880 3708 1002 3771 scholio
1023 3709 1064 3772 ud
1083 3710 1158 3775 Ari-

64 3813 253 3897 stopiusucm
273 3813 358 3876 iuirs
378 3814 518 3878 exhibito
538 3814 705 3876 antoecis
727 3815 786 3893 sit,
816 3833 1009 3898 magnopere
1031 3819 1158 3898 quoeri-

65 3926 139 3983 tm
156 3921 230 3985 fleri
252 3922 335 3984 erim
348 3928 465 4004 potest,
486 3928 522 3985 ut
534 3923 713 3985 universnm
725 3921 771 3983 ibi
784 3921 972 3987 Dicsesrciui
985 3923 1026 3987 de
1039 3926 1160 3988 musice

68 4045 152 4110 opus
169 4029 336 4112 siiegetum
356 4031 414 4107 sit,
446 4034 481 4091 et
507 4028 559 4092 icc
586 4029 666 4091 rdeo
692 4032 845 4094 nsotutus
872 4031 954 4116 περὶ
979 4028 1160 4116 μουσικιὸυ

66 4124 218 4221 ἀγώνοιν
240 4137 376 4221 intelligi
397 4135 528 4215 debent,
555 4139 633 4223 περὶ
651 4120 818 4227 μουσικῆς
842 4144 948 4205 tumen
976 4134 1061 4217 qnod
1082 4137 1162 4199 cite·

65 4248 123 4309 tur
141 4244 218 4309 iude
237 4244 373 4308 tortusue
392 4244 603 4327 repetendum
623 4251 687 4323 est,
715 4246 800 4327 quod
820 4248 984 4309 notumne
1006 4244 1162 4327 ejusmodi

10 4350 19 4373 ²
66 4350 256 4416 iiicresrciui
284 4352 326 4414 uie
355 4354 472 4414 musico
503 4351 586 4414 iiber
619 4336 732 4415 revere
762 4354 922 4414 existeret.
978 4351 1071 4430 Quod
1097 4354 1161 4417 teie

67 4477 144 4525 reru
163 4463 320 4544 scriptum
342 4462 586 4543 composuisset,
620 4480 690 4523 cnm
710 4461 874 4523 literurum
894 4459 1006 4523 studiis
1026 4461 1160 4525 oliorum

66 4567 353 4653 Peripateticorum
374 4571 504 4657 egregie
523 4570 723 4644 conveniret,
747 4583 849 4646 enque
867 4568 989 4631 rationo
1008 4568 1156 4633 iiieceru-

66 4675 148 4745 eher
173 4698 249 4747 cunr
268 4678 475 4757 Aristoxeno,
504 4676 676 4743 iiersciide
696 4666 893 4760 Pontico⁸')
914 4676 1046 4756 uiiisque
1074 4695 1160 4739 com·

937 4787 962 4859 li
