2610 5228
453 751 800 826 ...5-

77 942 202 1005 locutus
223 948 287 1021 est,
308 961 387 1026 qnos
407 946 530 1009 nonnisi
547 946 691 1010 homiues
704 950 790 1012 civili
802 950 973 1032 prudentis
986 970 1173 1035 morumque

77 1051 262 1134 integritate
282 1052 421 1133 insigues
443 1053 687 1119 considerandos
708 1074 778 1119 esse
800 1056 924 1136 docuit,
952 1078 1013 1140 qus
1040 1062 1074 1125 iu
1101 1081 1173 1127 scu·

76 1159 177 1221 tentia
197 1157 283 1221 idem
296 1160 419 1229 ,iterum
440 1160 556 1224 Cicero
577 1181 648 1224 eum
668 1170 795 1226 secutus
818 1171 876 1227 est

157 1268 217 1330 llis
237 1285 315 1331 raro
336 1289 407 1333 cum
427 1271 554 1351 studiis,
577 1273 690 1353 quibus
709 1273 920 1356 pbilosopbos
933 1275 1174 1358 philosophias-

43 1372 48 1395 *
77 1394 139 1455 que
160 1375 326 1439 historiam
345 1377 522 1459 indagavit,
550 1381 695 1442 universa
725 1381 795 1463 ejus
817 1401 933 1463 opera,
964 1402 1056 1462 quam
1076 1383 1173 1447 rebus

75 1483 239 1546 historicis
261 1483 368 1563 dedit,
388 1487 564 1548 arctissima
586 1489 755 1569 conjuncta
775 1495 833 1552 est.
875 1490 944 1568 Qua
964 1472 1052 1553 inre
1065 1509 1175 1570 quam·

77 1610 171 1671 quam
192 1592 312 1673 ubique
332 1595 497 1676 principes
518 1613 625 1657 rerum
646 1614 755 1659 causas
775 1604 871 1676 atque
892 1615 1005 1660 nervos
1019 1599 1174 1679 persequi

77 1706 207 1761 eaustus
235 1699 335 1763 inisse
364 1701 509 1780 videtur,
548 1703 787 1785 chronologicas
814 1710 918 1766 tamen
952 1703 1173 1784 inquisitione!

76 1808 290 1870 Dicaearchus
325 1826 387 1872 nou
421 1811 516 1891 plane
555 1811 696 1892 neglexit
723 1811 834 1895 ,eaque
869 1811 992 1873 ratione
1026 1812 1173 1892 inprimis

77 1904 286 1997 fragmentum
316 1916 357 1979 de
383 1918 623 1982 Sesoncbosidis
650 1925 754 1982 aetate
782 1919 930 1982 rellatum
951 1923 1009 1980 eat
1050 1918 1085 1980 ln
1105 1918 1173 1981 bis-

77 2025 188 2085 toricis
210 2041 337 2105 quoque
354 1998 715 2090 aaudin'lticaearnhum
735 2045 849 2108 magun
871 2044 941 2088 cum
962 2027 1076 2098 meniis
1098 2044 1171 2088 acu·

77 2132 159 2193 miue
180 2141 338 2194 versatum
368 2152 439 2196 esse
468 2154 562 2221 quum
583 2155 623 2198 ex
642 2136 787 2197 universa
807 2134 901 2216 bujus
927 2136 989 2196 viri
1008 2132 1116 2196 indole
1138 2137 1172 2192 et

76 2241 199 2301 ratione
220 2240 388 2320 colligere,
415 2247 482 2302 tum
503 2243 649 2321 inprimis
678 2242 748 2322 ejus
775 2240 986 2320 fragmentum
1011 2239 1074 2300 buc
1095 2239 1171 2301 alle-

76 2366 153 2426 gare
182 2364 366 2427 possumus,
393 2366 455 2425 quo
482 2348 524 2408 de
552 2347 682 2408 deiectu
711 2354 745 2407 et
764 2348 904 2407 exilitate
923 2347 1172 2407 testimoniorum

75 2455 304 2515 historicorum
334 2457 463 2530 questus
489 2471 558 2515 esse
588 2452 718 2518 videtur.
780 2454 878 2532 Quam
908 2458 1027 2527 autem,
1040 2452 1172 2515 maxime

76 2564 113 2624 ad
136 2562 243 2624 cultus
262 2581 465 2644 progressum
486 2569 521 2625 et
548 2563 589 2624 ad
617 2566 830 2655 institutorum
858 2579 1044 2642 morumque
1065 2560 1172 2622 diver·

77 2672 200 2738 ritatem
232 2671 411 2752 respexisse
438 2677 535 2753 atque
562 2674 607 2735 lta
620 2663 720 2735 'inter
747 2675 808 2736 alia
829 2692 918 2735 usum
938 2671 1014 2733 belli
1035 2666 1170 2751 gerendi
1257 2720 1278 2750 ,

78 2779 163 2859 apud
193 2777 387 2841 Macedones
425 2784 458 2841 et
491 2780 606 2842 Persas
641 2779 875 2862 discrepantem
910 2782 1170 2841 commonstrssse

78 2886 226 2947 allicitur.
283 2887 386 2966 Quum
415 2887 570 2951 Graeciae
598 2895 632 2952 et
658 2890 798 2972 Aegypti
827 2890 990 2951 historiam
1020 2901 1171 2967 perscru·
1269 2924 1275 2939 .-

77 3000 216 3071 taretur,
237 2996 424 3057 senteutiam
444 2995 626 3059 iuiormavit
645 3016 664 3058 a
684 2997 829 3078 plurimis
845 2995 1055 3078 scriptoribus
1070 2991 1171 3055 Grae-

78 3103 124 3163 cis
153 3101 355 3167 differentem
385 3123 423 3167 ac
453 3106 667 3167 recentiorum
696 3105 834 3187 denique
865 3097 1046 3186 temporum
1074 3117 1172 3181 quae·

76 3209 230 3271 stionibus
260 3212 488 3288 confirmatam,
520 3218 617 3291 atque
641 3213 738 3274 vitam
759 3212 914 3275 Graecam
943 3212 982 3274 ab
1002 3205 1172 3290 Aegyptii!

77 3324 239 3398 receptam
259 3316 358 3378 inisse
382 3335 486 3397 neque
507 3317 698 3379 contrariam
726 3317 881 3376 rationem
901 3315 1005 3375 locum
1024 3313 1172 3375 baanssa

77 3426 195 3485 statuit.
237 3423 341 3486 biliam
361 3442 470 3484 rerum
491 3442 548 3486 suo
569 3422 670 3502 ipsius
686 3426 832 3501 tempore
847 3425 1006 3501 gestarum
1018 3421 1174 3481 rationem

76 3530 202 3607 babuit,
231 3549 338 3592 earum
368 3531 513 3612 inprimis
545 3547 622 3608 quas
642 3527 824 3592 Alexander
843 3527 977 3607 Magnus
1003 3531 1173 3608 perpetra·

74 3645 182 3700 verat:
204 3640 292 3722 cujus
313 3646 367 3701 aut
386 3642 481 3701 sitnm
502 3645 536 3700 et
555 3638 714 3720 ingenium
728 3635 878 3717 singulari
891 3632 974 3696 libro
987 3633 1173 3715 exposuisse
1285 3664 1289 3675 ·

76 3753 133 3808 aut
159 3747 289 3810 solenne
316 3755 349 3810 et
377 3746 580 3809 memorabile
606 3747 723 3808 iestum
751 3743 790 3805 ab
819 3742 875 3804 illo
901 3741 1077 3804 institutum
1097 3741 1173 3802 bre·

75 3854 159 3916 viori
188 3853 410 3918 dissertatione
440 3855 649 3947 descpipslsse
669 3849 890 3933 conjiciendus
917 3852 975 3911 est.
1026 3847 1173 3910 Omnium

77 3967 182 4023 antem
202 3966 336 4026 maxime
357 3965 488 4044 egregia
507 3963 589 4024 ratio
608 3960 708 4022 iuissa
727 3958 871 4035 videtur,
892 3974 953 4037 qua
974 3956 1057 4019 vitae
1071 3955 1174 4018 (irae-

78 4076 324 4156 csenimagiuem
345 4077 448 4138 auimo
470 4048 619 4154 concepit
639 4076 891 4152 conceptamque
916 4068 1019 4130 literis
1046 4062 1173 4124 manda·

75 4183 124 4242 rit
138 4189 173 4244 et
186 4183 323 4265 singulas
343 4182 413 4264 ejus
433 4183 515 4244 vitae
536 4187 646 4263 partes
666 4168 837 4271 secuudum
853 4179 1014 4252 locorum,
1034 4173 1174 4236 civilium

75 4291 310 4367 institutorum,
336 4289 500 4371 religionis
526 4288 686 4369 fidelque,
716 4291 831 4352 artium
851 4286 1078 4365 literarumque
1106 4281 1174 4347 cul-

76 4403 189 4474 turae,
223 4417 346 4461 morum
380 4404 414 4459 et
444 4395 703 4467 consuetudinum
734 4394 947 4458 diversitatem
974 4391 1175 4455 viridissimis

81 4511 117 4565 et
146 4504 388 4569 distinctissimis
416 4504 575 4567 coloribus
603 4504 762 4586 depinxit,
793 4504 827 4564 in
855 4521 958 4583 eoque
978 4519 1098 4584 genere
1119 4500 1174 4562 ni-

83 4614 257 4699 csaarpbus
284 4632 324 4678 eo
351 4613 566 4679 admirabilior
586 4618 741 4697 apparet,
769 4610 854 4692 quod
874 4631 914 4677 ne
935 4627 1066 4694 maguus
1085 4607 1175 4676 Aris-
