2610 5228
421 762 794 841 *299*

56 970 129 1019 rrm
148 949 185 1017 iu
205 952 302 1017 tertia
320 952 507 1019 ordinanter
527 957 705 1020 conmutat
724 956 912 1021 adnotantcr
932 946 1157 1036 ἐξαλειπτέον

58 1049 148 1137 ἴσως
168 1048 232 1124 τὸν
252 1050 475 1147 (σύνδεσμον)
495 1053 551 1127 dd.
599 1062 668 1127 Jarn
687 1063 839 1129 audacior
857 1064 1000 1129 Murrina
1020 1086 1060 1130 ax
1079 1088 1157 1133 coa·

57 1174 152 1235 textu
172 1168 272 1253 ejecit
292 1188 429 1252 eumque
446 1172 651 1235 Buttmanuuo
670 1179 799 1237 accutur
826 1179 885 1241 ert.
935 1173 1057 1239 (iaiiiur
1081 1182 1158 1251 τοῖς

59 1270 102 1347 dd
122 1272 295 1369 ἀθληταῖς
322 1282 421 1347 rerba
446 1290 561 1365 utpote
586 1286 695 1366 apuria
719 1286 811 1349 uncio
829 1284 958 1349 iuciarit
977 1284 1159 1367 marginati-

61 1406 128 1471 qaa
147 1388 361 1455 additamento
382 1392 552 1456 tribuenda
572 1411 643 1457 erra
663 1394 821 1477 conjecit,
856 1411 920 1475 quo
950 1396 1022 1475 quta
1045 1382 1093 1455 τοὶ
1118 1388 1158 1457 ἑο

58 1502 134 1571 τοῖς
162 1504 334 1588 γυμνικοῖς
362 1495 478 1583 οἱγοῖοι
508 1490 679 1589 γενόμενα
709 1491 802 1586 πρὸς
837 1490 969 1576 αὑτοιλς
997 1500 1160 1566 'iircbanir

58 1606 188 1690 quippo
205 1606 336 1671 athletis
355 1608 428 1671 deri
447 1608 681 1691 algniticnturua
699 1608 816 1673 iuioret
833 1616 931 1691 atqua
951 1628 1034 1691 quac
1046 1608 1159 1674 liicac·

58 1712 180 1779 uoltu
197 1712 300 1777 iuriua
320 1716 520 1798 crporuiaaet
538 1736 602 1781 uuo
621 1716 720 1781 verbo
740 1718 921 1782 indicamet.
961 1718 1061 1797 Quam
1086 1718 1159 1799 opi-

57 1820 189 1887 nionem
217 1820 360 1887 (irannua
388 1842 566 1905 quanqucm
594 1844 658 1889 nou
686 1826 928 1907 tmproirririin
958 1826 1160 1903 criminavit,

57 1934 226 2011 precatore
244 1936 350 1994 tamen
370 1931 506 1995 ioricam
525 1932 746 1997 animadvertit
761 1925 802 1997 dd
815 1934 1072 2017 conjunctionem
1085 1952 1159 1997 cum

57 2034 277 2118 stephanon
298 2037 426 2103 erilium
447 2040 589 2123 abigere.
638 2042 752 2122 Neque
781 2040 931 2125 equidem
959 2039 1015 2103 uiri
1034 2038 1159 2103 leniora

58 2146 175 2213 aiunt
199 2146 409 2213 modiorum·
434 2148 477 2211 ad
502 2149 649 2231 veriora
675 2148 833 2230 refugiam
860 2154 895 2211 et
913 2149 1014 2229 magia
1034 2165 1160 2229 capara,

57 2273 167 2337 nequ
192 2260 269 2332 τοῖς
298 2248 474 2345 ἀθληταῖς
501 2262 617 2337 utpote
645 2255 809 2337 rupertiua
842 2254 1025 2318 claudicare
1052 2254 1158 2317 adhuc

57 2364 141 2428 nitri
159 2360 379 2445 persuadeam.
428 2362 493 2427 Pro
514 2352 561 2424 τὰ
580 2354 750 2447 γινόμενα
771 2358 942 2423 Vulcania·
961 2359 1073 2442 legero
1092 2380 1159 2425 rna·

57 2469 122 2536 trit
141 2458 189 2535 cd
207 2462 395 2554 γινόμενοι,
424 2488 487 2549 qua
507 2468 727 2543 correctione,
762 2484 856 2547 quam
876 2465 1009 2529 eandem
1029 2488 1049 2531 a
1067 2468 1159 2533 Butt-

57 2596 174 2644 nonno
193 2576 346 2642 adocitam
367 2593 438 2640 crac
464 2573 579 2653 rideo,
615 2572 693 2655 quid
723 2574 763 2637 ad
791 2574 858 2637 ioci
886 2594 1013 2637 aeorum
1037 2578 1160 2641 rectior

59 2685 268 2751 cidciaudum
287 2685 467 2762 lucremur,
487 2701 550 2747 nou
570 2682 753 2763 perspici03
782 2683 924 2763 quinimo
944 2701 1015 2746 cam
1033 2686 1067 2747 iu
1087 2704 1160 2749 ren·

56 2794 192 2861 toron
213 2812 306 2875 quam
326 2792 531 2856 Buttmrunua
560 2792 594 2853 in
623 2792 707 2853 omni
734 2792 796 2853 iroc
824 2791 897 2854 ioco
918 2792 1023 2855 iurare
1042 2794 1159 2857 merito

55 2902 234 2968 arbitratur
259 2899 371 2963 aorirti
398 2898 605 2981 perticipium
632 2898 728 2961 ctiam
756 2898 869 2962 melina
888 2918 926 2963 rc
944 2900 1066 2963 hebere
1086 2920 1160 2963 orc-

56 3010 199 3075 didcrirn
229 3008 402 3092 participio
437 3008 625 3088 praecentio.
683 3006 797 3086 Neque
834 3006 940 3070 eidem
970 3008 1159 3073 Buttmanno

55 3117 237 3202 adrtipuicr
258 3107 388 3192 αὐτούς
408 3116 443 3179 in
463 3108 593 3188 αὐτούς
619 3116 841 3194 commutanti,
872 3118 947 3195 quir
976 3107 1067 3203 πρὸς
1097 3111 1159 3182 αὑ·

57 3212 143 3297 τούς
162 3242 225 3287 non
245 3224 286 3287 ad
307 3221 444 3287 athletae
464 3221 670 3286 referentium
691 3224 778 3303 eaocj,
798 3221 858 3285 red
877 3225 923 3285 ita
943 3230 980 3286 ut
1000 3230 1054 3287 aut
1072 3224 1162 3309 apud

58 3350 115 3399 coa
134 3338 189 3396 rat
207 3339 318 3397 contm
337 3352 390 3395 cor
409 3331 571 3413 aigniiicet
598 3328 639 3393 ad
660 3330 830 3394 'rhenanor
857 3332 1024 3413 pertinere
1051 3330 1160 3395 credi-

57 3440 176 3505 derim.
214 3440 441 3505 libantinimc
469 3444 575 3501 tamen
602 3440 637 3501 in
663 3456 703 3501 co
724 3458 796 3500 curu
817 3438 1006 3501 Buttmanno
1027 3456 1159 3503 conten·

56 3548 127 3625 tto,
164 3546 249 3627 qnod
278 3538 492 3631 μεταφέρειν
511 3564 606 3609 aenou
625 3546 841 3609 tranri'ercndi
860 3548 1090 3627 iuterpretrtur
1110 3553 1160 3609 cot

57 3656 224 3721 contrario
250 3654 347 3737 plane
376 3674 396 3717 a
420 3654 586 3746 prioriirur
614 3656 845 3737 interpretibus
873 3654 987 3733 modo,
1025 3672 1161 3737 quorum

55 3760 256 3845 Stephanum
283 3770 318 3827 at
337 3762 476 3827 Gaiiirm
504 3762 677 3827 differendi
705 3764 936 3847 rigniiicationc
963 3764 1159 3829 intciieaiaae

59 3876 98 3935 et
126 3870 224 3933 rerba
252 3864 301 3945 εἰς
328 3860 387 3941 τὴν
417 3861 659 3951 δικαιολογίαν
685 3860 944 3957 μεταφέροντες
971 3872 1048 3935 antia
1077 3872 1160 3934 πλεο

43 3980 108 4046 tta
127 3976 310 4041 redditione
327 3976 437 4040 videor
457 3980 492 4041 o·
511 3977 549 4041 r'd
565 3979 711 4060 rojtcooa
731 3988 854 4062 temporo
872 3998 932 4062 quo
945 3980 1002 4061 joa
1020 3980 1160 4043 reddere

60 4093 300 4151 οοοαιοοοηιοι.
334 4086 448 4167 Neque
464 4086 498 4148 in
519 4086 665 4147 vernone
677 4086 891 4167 Stephanianu
911 4086 1057 4169 approbo
1072 4086 1160 4165 quod

57 4182 108 4255 τοὶ
129 4190 231 4267 βίαιοι
251 4183 425 4276 γενόμενοι
445 4190 485 4255 ad
506 4192 668 4257 univeruaa
688 4194 820 4277 injuriae
849 4210 953 4273 neque
983 4210 1078 4269 vero,
1110 4194 1160 4257 ati

57 4310 200 4387 propter
219 4304 445 4365 tententiarum
466 4319 641 4365 connexum
662 4308 697 4365 et
716 4302 885 4363 verborum
906 4302 1048 4382 ipsorum
1061 4298 1160 4380 cigni-

55 4410 241 4477 flcrtionem
263 4410 389 4489 dciruit,
425 4410 466 4474 ad
494 4411 610 4473 iactam
640 4411 819 4473 violentiam
846 4410 967 4473 retulit.
1017 4406 1159 4471 Murrina

57 4520 202 4599 deniquo
228 4522 410 4583 consentire
435 4518 562 4582 videtur
590 4539 662 4583 cum
684 4520 739 4581 iia.
761 4518 954 4600 Spanhernio
976 4536 1070 4597 quarn
1091 4516 1160 4581 lau·

59 4627 117 4691 dai
137 4627 178 4690 ad
197 4628 260 4691 inl.
287 4636 367 4692 orat.
388 4628 477 4709 Lipa.
499 4626 591 4689 loeti.
612 4628 642 4704 1,
671 4646 704 4709 p.
726 4626 788 4689 124
815 4633 957 4688 nostrum
983 4625 1086 4689 locunt
1113 4627 1159 4688 ita

57 4736 291 4817 interpretrtor
330 4755 432 4817 „quaa
459 4737 492 4801 in
521 4737 675 4819 gymnioia
703 4734 855 4817 agonibua
883 4733 969 4817 apud
997 4752 1053 4797 cor
1079 4736 1158 4797 dunt
