2610 5228
422 791 835 905 τ·-383,-···’

59 988 140 1050 satis
159 985 327 1067 singularis
348 1003 387 1047 as
407 986 489 1049 ratlo
511 989 577 1064 est,
608 1003 669 1065 qna
687 983 900 1049 Dicaearchus
928 991 962 1048 ct
981 984 1156 1068 lluripldes

59 1097 163 1160 solum
190 1095 323 1159 Aeolum
353 1113 426 1158 cun
452 1095 565 1158 liberis
595 1112 656 1175 pro
691 1095 784 1176 prola
820 1095 965 1160 ilelieuls
996 1094 1156 1179 ladlcssss

59 1204 220 1269 videntur.
685 1192 690 1199 ’

144 1330 177 1393 p.
206 1309 279 1373 147.
307 1302 468 1397 ἐκλήθη
497 1325 542 1371 τε
568 1308 642 1394 καὶ
671 1300 857 1396 ἐκτίσθη.
905 1308 995 1374 ilauc
1023 1309 1157 1393 coujun-

59 1419 159 1500 gandi
185 1421 340 1482 rationem
367 1417 502 1482 forsitan
529 1417 643 1499 allquls
670 1417 710 1479 ad
733 1406 878 1502 ὕστερον
907 1412 1084 1502 πρότερον
1104 1437 1157 1482 rs·

60 1527 134 1589 dire
155 1526 290 1601 dixerit3
316 1525 374 1589 sed
403 1544 472 1588 rem
500 1527 686 1588 accuratius
706 1525 944 1589 considerantes
970 1527 1050 1588 nibil
1070 1525 1157 1588 alind

62 1652 156 1715 quam
171 1628 254 1696 ssduas
274 1631 433 1697 coudeudl
453 1639 488 1695 et
501 1631 684 1695 nominandi
705 1635 848 1697 actiones
862 1633 990 1696 Helleni
1003 1634 1065 1696 boc
1086 1633 1159 1695 loco

58 1741 254 1822 adscriptas,
282 1760 364 1823 quse
391 1743 475 1804 iuter
502 1759 538 1804 se
566 1759 658 1821 quam
686 1743 819 1805 maxime
840 1742 1031 1819 cohaerent,
1062 1743 1157 1803 etiam

56 1854 192 1911 externo
211 1850 438 1910 sententiarum
450 1848 586 1923 vinculo,
605 1848 772 1928 particulis
794 1865 832 1910 ss
854 1854 888 1911 et
905 1853 966 1910 καί
979 1849 1070 1931 juxta
1090 1850 1158 1911 coi-

60 1955 192 2034 locstls,
218 1959 303 2018 iuter
330 1974 367 2018 sc
394 1957 570 2019 arctissime
591 1956 753 2038 copulatas
773 1959 961 2039 reperimus.
1008 1959 1158 2021 Ceterum

60 2057 138 2127 ἀπό
165 2065 363 2145 praepositio
390 2084 462 2126 cum
483 2053 653 2152 ’Ἕλληνος
675 2066 788 2147 juncta
816 2066 857 2127 ad
886 2057 1015 2151 ἐκλήθη
1037 2073 1157 2128 tantum

59 2173 191 2235 verbum
206 2173 350 2253 quadrat,
371 2166 432 2257 ὑφ’
449 2160 620 2257 Ἕλληνος
641 2179 746 2235 sutem
768 2173 853 2254 quod
875 2172 915 2236 sd
938 2170 1078 2260 ἐκτίσθη
1100 2193 1157 2255 sp-

59 2283 139 2363 poui
158 2280 401 2345 desiderabatur
420 2281 461 2344 ci.
476 2280 561 2344 inira
575 2276 640 2364 ὑφ’
653 2270 819 2366 Ἕλληνος
833 2279 1031 2345 οἰκισθεῖσα
1053 2277 1156 2357 πόλις

61 2406 102 2451 se
122 2391 181 2451 acti
201 2378 305 2474 χώρα
326 2389 360 2451 in
378 2406 417 2452 eo
439 2388 531 2450 simul
544 2388 623 2450 latet
642 2407 757 2469 neque,
778 2409 874 2470 quum
894 2391 1051 2452 sententia
1071 2391 1157 2452 omui

59 2495 255 2561 obscuritate
276 2502 399 2558 axemta
418 2496 479 2574 ait,
508 2489 568 2578 ὑφ’
590 2483 753 2583 Ἕλληνος
773 2496 824 2558 vel
845 2490 904 2558 ὑπ’
927 2492 1038 2559 αὐτοῦ
1059 2495 1157 2578 adjicl

58 2622 194 2668 neccsse
213 2601 285 2666 iuit.
349 2636 358 2659 .

144 2699 364 2794 σ’νοῖμεσῦν
389 2700 622 2794 Φαρσάλου
644 2729 688 2774 τε
708 2704 875 2798 κειμένη
897 2710 970 2774 καὶ
985 2709 1156 2796 τῆςταῖν

57 2803 329 2881 Μολιταιὲων
361 2807 540 2893 πόλεως.
589 2818 652 2882 Hic
682 2818 826 2881 Helladis
855 2821 1002 2899 antiquae
1031 2820 1111 2881 situs
1138 2838 1158 2880 s

55 2924 261 2987 Dicaearcho
282 2927 469 2988 constitutus
489 2926 573 2988 bene
603 2929 750 3008 congruit
771 2947 842 2989 cum
863 2927 1027 2990 Strabonis
1049 2946 1158 2989 usrrs·

56 3035 149 3097 tione
169 3052 267 3115 supra
287 3041 529 3096 commemorata
550 3034 590 3094 de
611 3035 781 3097 Pharsaliis
802 3037 963 3115 sexaginta
984 3034 1158 3097 stadiorum

56 3142 227 3207 intervallo
256 3162 276 3205 s
305 3162 362 3204 sua
389 3143 469 3204 urbe
499 3145 640 3225 priscum
666 3143 745 3205 iliud
773 3145 926 3225 oppidum
948 3143 1158 3205 statuentibus

57 3258 98 3313 et
123 3250 166 3312 de
184 3251 443 3314 Melitaeeuaibus
469 3251 636 3319 Helladem
667 3259 808 3332 veterem
838 3252 950 3313 decem
978 3251 1088 3313 stadiis
1117 3252 1157 3313 sb

11 3342 14 3346 ⁵
57 3359 144 3440 ipsis
163 3361 254 3423 sitam
274 3361 373 3423 iuisss
394 3360 624 3437 referentibus,
654 3379 829 3440 quanquam
851 3349 1049 3443 άνοῖμεσον,
1074 3360 1158 3422 sicut

58 3485 138 3531 assa
159 3487 286 3548 quoque
306 3470 376 3552 ejus
394 3466 540 3530 vocabuli
561 3467 709 3544 admittit,
729 3486 791 3530 uon
812 3474 960 3530 accurate
980 3467 1157 3550 urgendum

59 3592 135 3638 csse
156 3583 300 3657 apparet.
348 3577 411 3636 Pro
431 3573 503 3637 uuio
526 3567 751 3649 Μελιταῖον,
781 3575 867 3654 qaod
886 3595 906 3637 s
925 3574 1158 3637 recentioribus

59 3699 192 3765 quoque
212 3683 356 3746 omuibus
371 3683 547 3745 editoribus
567 3685 725 3764 integrum
746 3680 894 3746 relictum
915 3691 974 3762 est,
993 3704 1065 3748 cum
1080 3682 1159 3747 Vul-

59 3791 155 3855 usaio
185 3789 257 3854 τῶν
279 3783 496 3855 Mamucio»
524 3791 673 3872 equidem
701 3792 941 3856 rescribendum
968 3812 1039 3856 esse
1060 3791 1159 3855 duxe-

57 3898 142 3972 rim,
167 3918 264 3980 quum
284 3919 303 3962 s
325 3891 501 3963 Μνλίτσιια
521 3918 600 3962 voce
620 3918 735 3964 nomen
755 3902 875 3982 gentile
896 3894 1088 3977 Μελιταῖος
1109 3900 1158 3962 el·

39 4006 195 4071 -ioaman
214 4010 357 4089 potuisse
378 4009 517 4071 dubitem
539 4016 635 4090 stque
655 4011 785 4090 iusuper
799 4010 984 4073 Strabonem
1004 4009 1025 4070 Ι.
1039 4009 1061 4070 l.
1083 4001 1155 4070 Ms-

58 4109 204 4189 λιταιιῐς
223 4116 379 4197 pluralem
399 4135 568 4198 usurpasse
589 4117 744 4195 videam,
759 4119 813 4181 ubi
844 4118 908 4181 duo
934 4116 1063 4180 codices
1084 4116 1155 4179 Par.

59 4228 100 4285 at
117 4222 217 4287 Mose.
240 4219 432 4301 Μελιτεεῖς,
460 4225 593 4287 formam
614 4225 654 4287 ob
677 4225 900 4308 pronuntiandi
919 4222 1155 4288 similitudinem

58 4351 81 4395 s
100 4330 240 4394 librariis
262 4332 447 4395 dictantium
467 4333 563 4394 verba
584 4336 816 4416 excipientibus
836 4333 984 4408 effictam,
1005 4331 1157 4394 exhibere

57 4446 161 4520 atque
179 4441 330 4521 Polybius
359 4448 392 4502 et
412 4441 591 4522 Stephanus
610 4442 694 4504 idem
715 4442 793 4503 illud
814 4459 928 4503 nomeu
950 4431 1158 4515 Μελιταιεύς
1244 4424 1258 4459 ²

58 4549 96 4611 ta
118 4567 207 4610 usum
230 4550 388 4612 vacavisse
409 4550 605 4613 adnotantur.
646 4549 760 4629 Neque
781 4550 852 4611 loco
875 4549 928 4628 qui
942 4547 1025 4610 iufra
1038 4548 1157 4629 iegitur

60 4656 203 4721 dubitari
232 4666 339 4740 potest
367 4661 441 4739 quin
468 4678 530 4742 pro
558 4659 681 4740 vulgata
701 4657 846 4720 codicum
867 4659 1028 4737 scriptura
1050 4648 1156 4717 Μελι-

59 4768 158 4843 τίαν,
190 4784 282 4847 quam
302 4766 482 4848 Stephanus
511 4768 544 4831 in
565 4773 713 4831 contestu
734 4765 869 4848 protulit
896 4782 1051 4847 quamque
1072 4764 1157 4846 apud
