2610 5228
223 748 362 813 ·‘··
477 756 849 846 -ncm

117 967 260 1049 probata.
302 965 349 1028 llo
368 965 521 1028 vocabulo
543 970 648 1027 autem
667 953 792 1028 πόλεσι
813 966 928 1028 omisso
950 966 1001 1029 le
1022 964 1101 1030 licet
1121 969 1208 1051 cogi·

116 1082 196 1136 ture.
248 1074 372 1156 Gonjicl
393 1072 531 1154 dculqco
550 1079 658 1155 posset
676 1071 847 1154 legendum
869 1063 1027 1136 cassiani
1049 1080 1124 1151 τοῖς
1143 1074 1209 1141 rori

116 1177 267 1268 Πηλίου,
294 1184 339 1246 its
367 1189 403 1245 ut
430 1172 475 1245 roi
496 1181 560 1245 roi
582 1176 712 1268 Πηλίου
734 1183 879 1263 amphori
901 1182 1061 1263 aliquanto
1081 1188 1210 1256 notione

113 1292 200 1354 idem
231 1291 315 1372 quod
347 1282 387 1355 τὸ
415 1282 545 1378 Πηλιον
565 1291 778 1373 signiticaret,
806 1299 878 1368 aut,
904 1293 933 1356 si
956 1294 1026 1372 quir
1047 1294 1208 1361 audrclnm

114 1402 355 1482 comprobaret,
376 1388 458 1474 τοιλς
479 1395 515 1464 ἑν
537 1393 695 1482 ὑπωρείᾳ
715 1397 781 1463 τοῦ
803 1392 933 1484 Πηλίου
955 1419 986 1463 κ.
1007 1419 1037 1464 τ.
1058 1395 1089 1464 λ.

181 1498 410 1591 ·οἰρδου’ων,
431 1526 525 1590 ugnos
538 1509 674 1591 irrigans
693 1510 727 1570 in
748 1509 851 1589 iisque
872 1525 908 1571 so
924 1507 1019 1589 plone
1033 1509 1209 1590 effundens,

113 1619 160 1678 ita
176 1621 215 1677 ut
237 1617 395 1697 oppositio
415 1619 456 1680 sil
475 1617 561 1679 inter
576 1617 672 1700 hujus
690 1616 828 1680 llnmlnis
849 1635 977 1679 cursum
998 1624 1032 1679 et
1052 1619 1131 1701 ejus,
1154 1621 1209 1700 qul

112 1729 147 1787 iu
167 1745 254 1790 mere
274 1727 338 1788 lsbi
360 1724 476 1789 deinde
497 1726 626 1788 dicitur.

196 1825 337 1921 'cheir
362 1829 550 1921 Πηλαίας
572 1825 714 1908 οἷλσος.
768 1833 933 1915 Vulgntrm
954 1834 1123 1899 lectionem
1144 1828 1207 1901 doi-

115 1961 178 2016 οος
191 1920 332 2004 (λοοουοο
352 1942 531 2004 rectissimo
544 1939 737 2022 repndlavlt,
759 1959 855 2021 quum
877 1941 919 2004 do
939 1941 1057 2005 frutice
1078 1945 1128 2006 vel
1150 1947 1208 2009 du-

109 2058 197 2112 meto
219 2069 259 2112 eo
279 2051 350 2111 loco
372 2050 506 2132 cogitari
526 2049 622 2130 plane
643 2066 705 2111 non
725 2055 836 2129 posset
857 2056 891 2110 et
913 2039 1026 2126 δάσος
1047 2053 1207 2134 υἰιιρολιιο

111 2175 225 2218 nomen
253 2159 391 2219 nemoris
412 2157 544 2239 alicujus
564 2155 633 2218 lieo
659 2157 775 2218 sacrati
795 2157 828 2218 ln
851 2156 938 2218 Pelio
958 2156 1057 2222 luisse
1079 2159 1208 2235 demon·

111 2267 209 2327 strsrl
234 2266 391 2345 nequiret.
444 2264 572 2346 Optime
599 2249 696 2326 hahet
726 2263 810 2344 quod
832 2265 864 2326 in
891 2265 960 2347 ejus
981 2265 1085 2328 locum
1106 2269 1208 2351 oonjl·

111 2371 227 2433 ciendo
255 2373 415 2435 substituit
444 2363 552 2469 ἄλσος
583 2378 617 2432 et
641 2369 728 2450 quod
755 2388 816 2451 per
840 2371 1025 2433 vocabulum
1055 2365 1115 2458 τῆς
1138 2371 1205 2460 Πη-

109 2474 215 2554 λαίοις
244 2483 379 2561 aliquam
399 2481 496 2542 neam
525 2470 558 2541 ln
579 2478 669 2542 Pelio
697 2481 843 2560 inprimis
864 2480 978 2543 cultam
1000 2489 1034 2542 et
1054 2481 1128 2543 inde
1150 2480 1207 2544 do·

111 2592 297 2655 nominatum
318 2590 491 2670 significari
511 2591 640 2651 monuit.
681 2589 827 2651 Nemoris
841 2588 922 2651 Polli
936 2589 1056 2652 liuninr
1079 2609 1206 2671 quoqne

110 2699 299 2758 montionem
320 2696 399 2757 lecit
419 2698 451 2758 in
473 2694 637 2758 Rhetoric.
659 2696 698 2757 ad
712 2696 852 2759 Herenn.
872 2702 1073 2776 memoratus,
1094 2700 1166 2761 loco
1188 2718 1206 2759 s

110 2803 261 2864 Fabricio
288 2803 413 2865 allator'
430 2807 568 2880 „utinam
589 2823 630 2866 ne
652 2807 684 2866 in
712 2824 840 2868 nemore
861 2807 950 2868 Pelio
979 2807 1144 2870 securibus
1165 2840 1205 2854 -

110 2913 211 2972 cresc
233 2912 402 2974 cecidisset
422 2914 555 2994 abiegna
576 2913 615 2974 ad
638 2920 756 2976 terram
779 2915 915 2976 trahes.“

196 3010 408 3104 οντηλαῖόν
443 3018 533 3082 ἐστι
571 3011 619 3082 τὸ
652 3013 923 3111 καλούμενον
953 3015 1203 3106 Χοιριόνιον.

108 3130 181 3190 lloc
208 3137 347 3199 antrum,
386 3127 469 3207 quod
500 3147 537 3190 ex
568 3128 730 3197 Welckcri
759 3131 914 3191 rehtentis
944 3131 986 3191 cl.
1016 3131 1203 3211 Ephomerr.

108 3236 256 3298 scholast.
284 3233 373 3296 1831.
395 3254 429 3317 ρ.
448 3233 512 3296 tun
534 3235 601 3315 jam
624 3214 776 3297 Pindarus
798 3237 1001 3315 significavit,
1031 3241 1215 3302 secundum

108 3346 264 3406 Omnuum
302 3364 320 3404 a
349 3343 537 3405 Philostrato
568 3343 681 3422 imngg.
694 3394 696 3398 a
709 3341 755 3418 Π,
774 3338 811 3402 ’2.
841 3326 1116 3406 commemoratum
1145 3355 1201 3408 est.

107 3451 281 3514 chironem
311 3455 414 3511 antem
436 3448 557 3512 Pelium
576 3467 672 3509 snam
694 3446 802 3519 aedem
825 3467 864 3510 ex
884 3456 1027 3513 veterum
1047 3455 1201 3515 nsrrstio·

64 3594 67 3599 ·
106 3561 201 3621 nibus
228 3557 449 3639 mythologicis
483 3555 630 3626 habuisse
665 3561 788 3617 constet
815 3562 849 3619 et
877 3557 910 3618 ln
939 3557 1003 3618 line
1031 3559 1202 3647 lrwti

105 3687 187 3750 gena
199 3668 359 3728 hominum
374 3671 635 3726 commemoratur
656 3663 828 3725 achirone
846 3662 983 3729 oriundo
1004 3675 1038 3728 et
1058 3646 1201 3749 notitiam

88 3771 274 3853 'singularis
305 3773 424 3834 herbae
453 3770 630 3833 medicinae
661 3771 722 3833 sihi
743 3790 940 3837 conservans.
993 3774 1039 3836 lle
1058 3772 1201 3843 sshlroue

103 3891 212 3944 autem
233 3885 311 3943 artis
331 3881 506 3943 medicinae
527 3881 720 3961 peritissimo
749 3879 808 3941 hos
828 3881 1014 3962 Apollodori
1035 3883 1123 3947 locos
1143 3885 1199 3946 ad·

102 3993 273 4070 scripsisse
295 3989 433 4052 sufficiet
453 3987 528 4049 bibl.
548 3986 593 4072 λλ,
606 3986 638 4047 5.
659 3981 816 4062 ἀνιαθεὶς
838 3978 878 4050 dd
899 3983 1067 4076 Ἡρακλῆς
1089 4008 1197 4073 προσ·

103 4086 258 4179 δραμών
292 4087 334 4159 τό
368 4113 404 4158 τε
442 4088 544 4167 θέλος
562 4076 744 4170 ’ἑξείλκνσο
778 4092 838 4157 καὶ
864 4086 989 4170 δόντος
1017 4093 1198 4180 Χείρωνος

102 4193 296 4289 φάρμακον
319 4198 497 4285 ἐπέθηκεν.
538 4200 596 4276 lll,
619 4201 660 4261 lo
686 4201 754 4284 (do
773 4193 988 4290 Aesculapio)
1009 4196 1195 4292 καιομένης

101 4301 148 4375 δὲ
176 4307 282 4396 αὐτῆς
302 4301 469 4391 ἀρπάσας
499 4300 540 4371 τὸ
568 4301 703 4391 βρέφος
731 4302 767 4370 ἐκ
791 4307 850 4395 τῆς
871 4308 985 4391 πυροῖς
1007 4300 1097 4393 πρὸς
1116 4308 1195 4376 Xsl.

100 4439 207 4503 ρωνα
228 4411 289 4481 τὸν
311 4411 518 4500 Κένταυρον
539 4411 670 4503 ἤνεγκε·
697 4412 786 4496 παρ’
808 4400 839 4495 ᾦ
867 4406 1012 4500 κοιλιην
1037 4413 1194 4507 ἰατρικὴν

99 4529 167 4591 καὶ
182 4517 242 4610 την
257 4515 476 4611 κυνηγετικὴν
491 4516 704 4611 τρεφόμενος
718 4510 895 4606 ἐδιδάχθη.
915 4512 921 4524 ’
938 4523 987 4584 l&
1009 4519 1075 4609 (de
1090 4529 1192 4593 l'hoe·

97 4635 201 4721 nico)
233 4617 339 4710 οὗτος
360 4626 429 4698 ond
453 4623 672 4716 τοῦπατρὸς
694 4623 896 4718 ἐτυφλώθη,
927 4627 1192 4720 καταψευσαμέ-

56 4798 83 4815 ,.
99 4761 163 4829 νης
185 4734 329 4827 φθορὰν
356 4726 635 4827 distinguimur
656 4728 791 4823 πατρὸς
804 4731 1033 4816 παλλακίδος.
1062 4733 1191 4824 Πηλεὺς

917 4849 992 4920 27*
