2610 5228
416 840 513 856 ····-·
565 812 786 889 38¹=·—-·

52 1003 186 1067 rabilem
201 1022 284 1087 essa,
314 1005 493 1093 Palmarinr
502 1006 559 1068 Gr.
573 1013 634 1067 ant.
657 1006 725 1088 p.8
743 1013 777 1070 et
790 1007 968 1070 Gronovius
982 1007 1152 1088 legendum

54 1117 262 1196 conjecerunt
277 1108 352 1198 ἀφ’
366 1094 532 1201 ’Ἔλλλιιῗος
553 1105 692 1200 πατρὸς
714 1118 777 1178 τοῦ
798 1100 949 1192 Αἰόλον,’
967 1117 1051 1196 quad
1073 1131 1151 1196 anp-

53 1227 247 1307 plementum
269 1224 453 1306 cogitanda,
480 1226 639 1287 ncnitem
660 1225 830 1287 scribendo
851 1225 1061 1288 necessarium
1082 1241 1153 1285 csse

53 1350 154 1414 supra
185 1332 329 1394 vidimus.
380 1332 547 1394 Salmasius
575 1353 669 1413 quum
697 1334 737 1395 ad
758 1335 854 1396 Salin.
875 1352 908 1416 p.
930 1332 991 1394 1112
1013 1338 1154 1393 nostrum

55 1441 162 1501 lncnm
184 1439 343 1519 integrum
363 1439 565 1518 reliquisset,
588 1437 628 1499 de
649 1440 725 1520 ling.
746 1439 829 1501 Heli.
851 1460 883 1520 p.
903 1438 967 1500 855
980 1428 1155 1526 ’Ἕλληνος

54 1544 123 1608 τοῦ
152 1539 401 1618 Δευκαλίωνος
428 1544 629 1606 scribendum
658 1564 727 1606 esse
754 1549 930 1626 suspicatus
959 1553 1023 1621 eat,
1060 1565 1160 1625 qnam,

65 1657 177 1715 contra
205 1653 436 1733 conjecturam,
466 1671 507 1713 ne
537 1651 578 1712 de
606 1632 886 1734 palaeographica'
901 1653 1155 1716 dissimilitudine

55 1760 227 1833 disseram,
263 1759 353 1840 cnjus
389 1759 422 1820 ln
452 1759 629 1819 numinibus
660 1760 801 1837 propriis
832 1759 887 1819 nbi
912 1759 1035 1822 librarii
1066 1780 1154 1822 snam

60 1868 234 1930 doctrinam
256 1858 347 1946 prae*
363 1884 398 1926 ae
418 1864 507 1926 ferre
529 1872 562 1925 et
583 1864 802 1945 discrepantes
824 1869 996 1928 sententias
1016 1870 1156 1957 scripta·
1207 1895 1210 1915 ·

55 1995 127 2037 rum
148 1976 309 2037 contextui
336 1973 502 2035 intrudere
531 1973 616 2035 haud
644 1993 718 2034 raro
740 1972 921 2035 studuerint
947 1977 1050 2036 minor
1070 1976 1153 2051 ratic

56 2084 201 2146 habenda
222 2103 292 2145 esse
313 2084 468 2161 videatur,
488 2103 618 2144 mouere
638 2084 725 2158 licet,
746 2084 833 2144 illum
856 2084 1021 2147 llellenem
1042 2050 1156 2146 sicud

57 2193 133 2254 dum
152 2190 342 2270 Euripidem
375 2189 502 2268 quidem
531 2190 699 2268 ipsumque
730 2189 954 2250 Dicaearchum
984 2189 1026 2250 ct‘.
1059 2189 1153 2263 inira,

57 2308 154 2379 atque
174 2299 368 2379 Hesychinm
389 2306 411 2360 t.
433 2297 456 2371 1,
478 2317 510 2378 p.
532 2295 613 2357 1101
630 2285 814 2380 Ἕλληνες,
838 2296 874 2358 οἱ
893 2289 968 2359 cino*
991 2295 1056 2357 τοῦ
1070 2286 1153 2358 ''El-

58 2403 181 2496 lpuog‚
211 2407 275 2468 τοῦ
298 2396 387 2479 Διός
415 2402 484 2489 (ita
513 2407 595 2465 enim
618 2404 762 2466 Valesius
790 2382 849 2485 pru
876 2405 1000 2485 vulgato
1023 2400 1059 2464 οἱ
1077 2395 1153 2466 clad

56 2513 120 2578 τοῦ
146 2503 235 2586 Διὸς
262 2512 328 2576 τοῦ
342 2501 515 2597 ’Ἕλληνος
543 2511 781 2573 rescribendum
803 2531 872 2573 ease
893 2502 1154 2574 rectissima'sta·

54 2615 141 2710 tuit)
170 2622 212 2685 cl.
241 2623 335 2683 etiam
367 2620 529 2682 lamblichi
555 2621 658 2682 lncnm
686 2640 784 2702 supra
805 2622 1016 2700 exscriptum,
1048 2619 1154 2700 Apoll.
1250 2638 1253 2643 ·

55 2730 164 2793 Schcl.
184 2729 216 2806 1,
237 2748 269 2810 p.
289 2728 320 2789 d.
343 2726 421 2804 162,
448 2727 535 2789 lavis
554 2729 652 2789 lilium
675 2729 792 2806 fuisse,
823 2738 856 2790 et
877 2730 1071 2809 Stephanum
1093 2731 1154 2809 lly-

55 2838 215 2899 aantiunm
238 2836 365 2898 disertis
386 2837 492 2897 verbis
513 2853 700 2912 memorare,
722 2856 793 2897 enm
807 2836 972 2898 Hellenem
993 2856 1054 2898 nau
1073 2837 1155 2898 Den-

56 2943 193 3007 calicnls
213 2943 326 3019 luisse,
347 2943 405 3004 sed
426 2944 591 3006 Hellenem
612 2945 760 3006 Phthiam
782 2939 890 3030 (lovis
910 2945 1023 3020 fillum,
1052 2951 1088 3004 ut
1108 2947 1155 3008 u-

56 3053 175 3114 dcturr
194 3072 256 3114 uun
279 3053 362 3114 culm
385 3054 491 3134 cogito
514 3053 554 3114 de
574 3053 682 3116 Phthii
703 3055 769 3115 lilio
791 3053 841 3115 his
862 3055 893 3114 iu
909 3054 1062 3134 Stephani
1083 3073 1153 3116 ver-

52 3161 123 3223 nir:
155 3155 292 3244 ἐκτίσθη
315 3149 383 3222 tuo*
398 3149 592 3246 Ἕλληνος,
615 3155 654 3221 ον’
678 3158 743 3222 τοῦ
762 3152 1031 3231 Δευκαλίωνος,
1059 3150 1153 3223 ἀλλὰ

53 3271 124 3330 τοῦ
147 3262 295 3349 Φθίου).
345 3268 379 3329 Sl
401 3273 504 3328 autem
526 3270 765 3348 repugnantiam
794 3269 826 3329 iu
854 3254 995 3328 nastrum
1016 3260 1154 3347 scriptu·

51 3394 125 3438 rem
146 3375 268 3442 lnlerre
285 3394 360 3436 non
382 3394 584 3453 vereremur,
616 3375 681 3437 τοῦ
702 3372 951 3446 Δευκαλίωνος
978 3377 1073 3436 etiam
1096 3375 1152 3436 dc-

53 3481 195 3545 {endere
223 3500 385 3563 parcemus
412 3483 610 3562 Thucydidis
639 3483 710 3545 lacn
742 3475 836 3564 supra
868 3482 1002 3563 allegato
1024 3482 1047 3557 l,
1068 3500 1095 3542 c.
1121 3481 1154 3544 8.
1257 3536 1260 3541 .

56 3580 107 3654 rel
127 3578 188 3679 μὲν
217 3579 289 3672 πρὸ
303 3577 474 3675 ’Ἕλληνος
493 3590 558 3652 ’τοῦ
580 3586 827 3666 Δευκαλίωνος
848 3598 943 3670 atque
969 3590 1067 3651 mulla
1088 3608 1154 3652 ma·

56 3699 111 3781 gir
131 3697 294 3768 Strabonis
314 3699 336 3760 l.
360 3698 440 3775 lllll,
458 3697 532 3762 383.
555 3699 644 3784 φασὶ
666 3688 707 3760 δὲ
721 3693 969 3772 Δευκαλίωνος
990 3687 1054 3783 μὲν
1067 3686 1153 3760 ‘'Eh-

54 3803 148 3892 ληνα
176 3796 281 3869 εἶναι·
313 3804 440 3869 τοῦτον
463 3800 501 3869 δὲ
521 3807 623 3890 περὶ
656 3802 729 3891 τὴν
754 3804 896 3871 Φθίαν
928 3811 999 3869 τῶν
1019 3796 1153 3890 μεταξὺ

55 3909 210 3999 Epami
231 3915 292 3976 και·
304 3909 469 3977 Ἀσωποῦ
490 3902 750 3977 δυναστεύοντα
771 3935 801 3978 κ.
815 3935 845 3978 τ.
859 3911 890 3978 λ.
912 3923 945 3976 et
966 3916 1154 3977 Eusebirnn.

54 4021 103 4085 cf.
131 4023 226 4085 etlam
261 4041 301 4084 er
338 4018 512 4109 διηγήσεσι
539 4024 675 4085 Canania
710 4023 795 4104 apud
822 4024 969 4085 Photium
998 4022 1071 4083 hihl.
1102 4020 1152 4081 ed.

55 4128 159 4192 Belli.
179 4135 202 4191 t
223 4130 255 4204 1,
285 4149 317 4210 p.
339 4130 400 4191 lna
422 4128 442 4212 ἠ
464 4123 512 4206 κζ
540 4118 586 4190 τοὶ
607 4133 686 4212 περὶ
706 4123 955 4202 Δευκαλίωνος
983 4120 1153 4207 alnay-sil„-

54 4233 126 4314 λετ,
160 4227 199 4310 ὅς
221 4232 399 4309 ἑβαοιλενε
421 4237 482 4320 τῆς
506 4229 723 4314 Φθιώτιδος,
752 4236 813 4300 καὶ
842 4236 907 4298 τοῦ
929 4230 1010 4298 κατ’
1042 4225 1152 4296 αὐτὸν

55 4344 121 4428 τῆς
136 4338 312 4417 Ἑλλάδος
333 4340 594 4434 κατακλυσμοῦ·
616 4343 673 4406 καὶ
687 4345 768 4428 περὶ
782 4333 964 4431 Ἕλληνος,
987 4341 1051 4405 τοῦ
1071 4356 1152 4406 παι·

56 4439 123 4527 δδς
144 4448 276 4523 αὑτοῦ,
299 4443 340 4514 όν
363 4444 472 4531 ἔνιοι
493 4452 570 4515 τοῦ
589 4441 694 4527 Διὸς
716 4451 853 4514 παῖδα
876 4439 986 4514 εἶναι’
1005 4466 1153 4534 φασιν,

59 4550 181 4635 ὅςκαὶ
212 4548 394 4638 διεδέξατο
423 4550 485 4647 τήν
511 4556 693 4636 βασιλείαν
720 4550 992 4644 τελευτήσαντος
1017 4557 1154 4623 Acuta·

54 4663 187 4744 λίωνος
213 4667 272 4732 καὶ
300 4666 403 4732 τίκτει
432 4667 565 4744 παῖδας
602 4674 703 4753 τρεῖς.
757 4648 807 4730 ὦν
835 4656 968 4730 Αἴολον
995 4658 1058 4752 μὲν
1088 4658 1152 4728 τὸν

54 4762 206 4863 πρῶτον
218 4772 412 4852 βασιλεύειν
433 4775 636 4843 ἐδικαίωσεν
659 4762 698 4863 ἧς
719 4757 803 4862 ἦρχε
823 4774 903 4864 γῆς,
923 4770 1073 4856 Ἀσωπῷ
1093 4771 1151 4838 καὶ
