2610 5228
380 637 841 772 'ficos-*-

195 905 240 954 rs.
257 886 310 951 eo
340 887 428 967 Quae
447 887 533 950 luter
551 885 635 954 lauoc
655 889 852 971 anagrsplaea
872 889 975 953 locum
997 896 1031 954 et
1050 890 1205 973 pedestre

111 997 319 1078 fragmentum
339 994 586 1058 llicseorclrenm
617 996 789 1058 intercedit
803 998 870 1080 jam
891 998 967 1060 alibi
987 999 1202 1062 animadverso

111 1112 162 1169 eat
182 1105 395 1186 discrepantis
416 1104 458 1166 cle
471 1105 650 1167 Thebarum
671 1106 800 1182 ambitu,
821 1108 942 1187 qnippe
964 1109 1019 1188 qui
1041 1109 1106 1170 illic
1128 1127 1201 1189 sep·

110 1214 251 1295 tunglota
271 1212 454 1290 stadiorum,
474 1213 527 1274 lsic
547 1231 623 1274 uero
645 1213 851 1294 quadraginta
871 1216 966 1276 trium
987 1233 1057 1277 esse
1077 1215 1201 1277 refera-

109 1326 174 1382 tur.
220 1322 318 1400 Quum
345 1321 583 1401 repugnantiam
608 1339 703 1399 quom
731 1320 860 1401 plurimi
887 1321 949 1385 riri
969 1322 1056 1384 docti
1072 1322 1117 1384 oe
1138 1340 1201 1383 nno

108 1427 287 1509 eodemque
301 1431 465 1510 utriusque
478 1428 647 1510 fragmenti
667 1434 797 1491 auctore
811 1431 986 1511 cogitantes
1006 1432 1093 1492 vario
1107 1431 1200 1495 modo

109 1535 153 1597 sle
178 1535 283 1598 medlo
312 1536 425 1598 tollere
445 1536 642 1613 studuerint,
664 1536 730 1617 jam
751 1537 900 1600 Barthiua
918 1537 993 1599 indo
1016 1556 1137 1600 norumv
1151 1556 1200 1599 ar·
1262 1570 1265 1577 ·

107 1650 290 1723 gementum
316 1663 391 1707 auae
416 1645 619 1727 conjecturae
642 1645 822 1729 arcessiuit,
849 1664 910 1727 qua
937 1646 1142 1727 anagraplren
1167 1652 1202 1706 et

107 1747 203 1811 Vitae
225 1749 377 1813 Graeciae
405 1751 613 1835 fragmentum
640 1749 812 1814 adiveraia
840 1750 1051 1834 scriptoribus
1071 1770 1200 1833 compo·

106 1859 170 1921 alta
191 1877 261 1921 esre
281 1866 446 1923 statuerat.

190 1985 234 2028 vs.
247 1967 299 2028 co.
320 1969 383 2031 Pro
398 1964 431 2029 κ’
444 1956 652 2055 Ὀρχομενός
663 1967 844 2033 llolstenios
860 1967 945 2049 qnod
959 1968 1044 2051 apud
1059 1977 1199 2032 nostrum

105 2074 241 2136 metrice
261 2076 392 2138 tolerari
412 2083 518 2157 potest
531 2077 592 2140 καὶ
610 2067 817 2159 Ὀρχόμενος
838 2068 948 2140 edilia.
983 2077 1200 2140 Orchomenus

103 2179 254 2261 Minyeus
290 2201 308 2244 a
333 2182 489 2246 Muellero
525 2184 676 2265 singulari
710 2185 793 2247 libro
828 2187 904 2247 satie
939 2186 1111 2247 illustratus
1140 2192 1198 2249 est.

104 2290 235 2369 Copae,
262 2292 351 2374 cujus
379 2293 511 2354 nominis
532 2292 573 2354 (le
594 2295 718 2355 rollone
738 2293 901 2356 Strabonis
926 2293 1016 2355 locos
1036 2313 1134 2375 snpra
1154 2295 1200 2356 al-

103 2396 229 2477 legstns
248 2398 390 2461 conierri
410 2406 535 2481 potest,
563 2401 710 2482 inprimis
730 2403 877 2482 anguillis
898 2400 1073 2483 praeclaris
1093 2399 1198 2489 (Sou-

104 2501 215 2591 ναῖοι)
244 2509 418 2572 instructae
445 2508 544 2572 fuisse
564 2510 750 2572 reseruntur
778 2510 821 2572 cl.
842 2512 956 2574 Athen.
979 2511 1052 2585 Vll,
1073 2530 1105 2592 p.
1126 2511 1198 2573 297.

104 2613 157 2677 Ao
179 2615 274 2676 verba
295 2604 336 2677 εἶ
338 2635 388 2678 τα
406 2606 511 2705 μετὰ
534 2607 613 2680 δύο
634 2619 900 2700 simplicissimum
921 2619 1048 2680 videtur
1071 2608 1198 2681 στάδια

101 2730 210 2784 mente
237 2725 492 2808 subintelligere:
524 2727 556 2788 id
579 2729 663 2788 enlm
684 2728 867 2789 vocabulum
888 2730 983 2790 etiam
1005 2729 1067 2805 lta,
1096 2736 1131 2790 ut
1159 2746 1198 2790 ex

101 2834 328 2894 sententiarum
356 2852 499 2897 connexu
526 2837 632 2915 repeti
663 2834 756 2916 plene
778 2854 839 2898 non
862 2837 980 2917 possit,
1011 2843 1084 2917 post
1103 2854 1199 2897 vocer

101 2940 280 3002 numerales
307 2941 392 3003 haud
423 2961 496 3004 raro
525 2945 671 3004 omissum
702 2943 965 3024 deprehenditur.
1021 2944 1068 3004 lta
1093 2951 1198 3004 entem

101 3046 154 3106 vio
173 3048 257 3109 inter
277 3048 509 3112 Orchomenum
536 3059 570 3113 et
590 3051 766 3127 chrdcam
783 3053 872 3133 jueto
897 3052 1023 3112 brevior
1046 3051 1196 3125 efficitur,

101 3157 155 3217 cui
182 3157 232 3216 rei
254 3163 288 3217 ut
307 3164 510 3218 succurreret
537 3158 575 3218 0.
595 3157 771 3218 Muellerus
793 3175 967 3237 quanquam
990 3157 1196 3220 audacissime
1299 3174 1302 3180 ’

103 3283 165 3346 pro
192 3253 281 3352 μετὰ
310 3255 375 3326 δύο
404 3260 504 3348 μεθ’
525 3256 679 3328 ἑκατόν
705 3264 873 3345 legendum
895 3267 1041 3348 conjecit.
1084 3267 1196 3346 Neque

63 3384 69 3393 '
101 3362 189 3460 μετὰ
212 3361 296 3448 δύο,
325 3381 361 3435 ut
381 3375 584 3436 Butlmounus
614 3381 704 3435 recte
731 3373 965 3451 animadvertit,
994 3373 1080 3436 idem
1109 3374 1195 3455 quod

100 3471 189 3570 μετὰ
219 3473 283 3558 τὰς
304 3470 433 3545 tiriolo.
459 3477 579 3557 πόλεις
599 3483 778 3565 significare
801 3491 909 3563 potest
930 3503 1034 3563 neque
1055 3485 1124 3566 ejus
1144 3487 1196 3565 ip·

102 3593 168 3653 slus
189 3594 348 3654 correctio
370 3581 461 3676 perd
483 3580 520 3653 (ii
545 3581 607 3654 τόν
628 3592 658 3653 lr.
681 3610 709 3650 e.
730 3580 816 3675 perd
840 3584 878 3652 δὲ
902 3589 1028 3654 τοῦτον
1048 3592 1193 3653 nimirum

101 3689 165 3762 τὸν
193 3691 407 3784 Ὀρχομενόν
436 3719 629 3782 magnopere
650 3699 896 3763 commendando
916 3705 973 3762 est.
1015 3699 1048 3766 ln
1071 3700 1195 3781 volgato

100 3810 199 3889 igitur
219 3811 374 3886 lectione,
400 3810 482 3870 sicut
513 3828 620 3870 omnes
652 3807 755 3870 adhuc
787 3807 929 3870 editores
949 3807 1112 3884 lecerunt,
1141 3828 1194 3870 sc·

102 3917 328 3996 quiescendum
355 3937 425 3979 esee
441 3918 570 3999 judico,
600 3916 701 3978 donec
731 3918 800 3999 ans
822 3922 875 3978 aut
896 3918 1118 3998 interpretatio
1140 3923 1193 3979 out

102 4025 280 4087 emendatio
302 4045 376 4088 sana
396 4028 582 4106 investigatu
605 4026 713 4087 inerit.

182 4151 225 4193 vs.
238 4133 289 4194 et.
309 4133 486 4214 Trophonii
501 4132 672 4210 oraculum,
694 4133 735 4194 de
755 4152 817 4213 quo
834 4132 992 4212 singulare
1008 4131 1191 4192 llicueorclni

99 4242 252 4320 scriptum
274 4244 403 4318 exstitit,
425 4261 600 4323 quanquam
621 4248 683 4306 non
704 4245 736 4304 ln
758 4244 827 4323 ipsu
848 4240 994 4302 Lebadea
1016 4241 1112 4315 urbe,
1133 4239 1189 4301 sed

100 4368 204 4428 prope
236 4358 304 4413 ειΙι
329 4353 423 4413 situm
451 4351 513 4413 init
540 4371 694 4431 -quem
727 4354 758 4412 in
790 4369 913 4410 sensnm
936 4349 1042 4410 Photii
1064 4367 1190 4428 quoqne

99 4455 187 4516 locus
215 4457 472 4536 interpretandus
503 4463 552 4520 eet
573 4458 615 4522 cl.
637 4460 710 4518 Lex.
735 4477 765 4535 p.
790 4456 859 4516 154.
880 4452 1057 4530 Λεβαδία,
1087 4446 1191 4527 πόλις

99 4557 287 4638 Βοιωτίας,
317 4562 352 4625 ἑν
381 4548 402 4648 ᾗ
430 4554 517 4639 Διὸς
543 4571 708 4649 μαντεῖον
739 4559 948 4644 Τρυφωνεόυ
976 4558 1189 4625 κατασκευά-

100 4688 228 4744 σαντος
261 4705 297 4720 -
331 4673 400 4755 ipso
425 4681 526 4736 tannen
550 4674 634 4736 orbis
657 4674 779 4737 nominc
802 4673 959 4735 intertium
982 4672 1188 4751 comprehcn-

1024 4812 1111 4905 ,Ψ

1012 4878 1116 4953 νὴ,
