<?xml version="1.0" encoding="UTF-8"?>
<!DOCTYPE html PUBLIC "-//W3C//DTD XHTML 1.0 Transitional//EN"
    "http://www.w3.org/TR/xhtml1/DTD/xhtml1-transitional.dtd">
<html xmlns="http://www.w3.org/1999/xhtml" xml:lang="en" lang="en">
 <head>
  <title>
</title>
<meta http-equiv="Content-Type" content="text/html;charset=utf-8" />
  <meta name='ocr-system' content='tesseract 3.04.00' />
  <meta name='ocr-capabilities' content='ocr_page ocr_carea ocr_par ocr_line ocrx_word'/>
</head>
<body>
  <div class='ocr_page' id='page_1' title='image "./dicaearchimesse01fuhrgoog_0438.png"; bbox 0 0 2610 5228; ppageno 0'>
   <div class='ocr_carea' id='block_1_1' title="bbox 414 770 781 846">
    <p class='ocr_par' dir='ltr' id='par_1_1' title="bbox 414 770 781 846">
     <span class='ocr_line' id='line_1_1' title="bbox 414 770 781 846; baseline -0.035 0"><span class='ocrx_word' id='word_1_1' title='bbox 414 806 510 817; x_wconf 79' lang='lat'><strong>-···</strong></span> <span class='ocrx_word' id='word_1_2' title='bbox 561 770 641 846; x_wconf 75' lang='lat'><strong>427</strong></span> <span class='ocrx_word' id='word_1_3' title='bbox 690 806 781 833; x_wconf 48' lang='grc' dir='ltr'><strong>-τ-</strong></span> 
     </span>
    </p>
   </div>
   <div class='ocr_carea' id='block_1_2' title="bbox 50 955 1149 2129">
    <p class='ocr_par' dir='ltr' id='par_1_2' title="bbox 50 955 1149 2129">
     <span class='ocr_line' id='line_1_2' title="bbox 52 955 1146 1050; baseline 0.003 -23"><span class='ocrx_word' id='word_1_4' title='bbox 52 966 192 1027; x_wconf 83' lang='lat' dir='ltr'><strong>diderinr</strong></span> <span class='ocrx_word' id='word_1_5' title='bbox 212 986 250 1027; x_wconf 84' lang='lat' dir='ltr'><strong>ex</strong></span> <span class='ocrx_word' id='word_1_6' title='bbox 265 955 419 1046; x_wconf 79' lang='grc' dir='ltr'><em>περιόδῳ</em></span> <span class='ocrx_word' id='word_1_7' title='bbox 441 971 500 1050; x_wconf 72' lang='grc' dir='ltr'><strong>γῆς</strong></span> <span class='ocrx_word' id='word_1_8' title='bbox 514 966 699 1028; x_wconf 71' lang='lat' dir='ltr'><strong>Dicaearchi</strong></span> <span class='ocrx_word' id='word_1_9' title='bbox 714 968 852 1047; x_wconf 89' lang='lat' dir='ltr'><strong>repetita</strong></span> <span class='ocrx_word' id='word_1_10' title='bbox 872 986 953 1029; x_wconf 87' lang='lat' dir='ltr'><strong>essa.</strong></span> <span class='ocrx_word' id='word_1_11' title='bbox 994 970 1146 1048; x_wconf 79' lang='lat' dir='ltr'><strong>liepctita</strong></span> 
     </span>
     <span class='ocr_line' id='line_1_3' title="bbox 50 1077 1148 1157; baseline 0.004 -22"><span class='ocrx_word' id='word_1_12' title='bbox 50 1082 157 1136; x_wconf 88' lang='lat' dir='ltr'><strong>autem</strong></span> <span class='ocrx_word' id='word_1_13' title='bbox 179 1094 248 1137; x_wconf 86' lang='lat' dir='ltr'><strong>case</strong></span> <span class='ocrx_word' id='word_1_14' title='bbox 271 1093 385 1136; x_wconf 85' lang='lat' dir='ltr'><strong>censeo</strong></span> <span class='ocrx_word' id='word_1_15' title='bbox 407 1094 424 1136; x_wconf 93' lang='lat' dir='ltr'><strong>a</strong></span> <span class='ocrx_word' id='word_1_16' title='bbox 442 1077 603 1155; x_wconf 85' lang='lat' dir='ltr'><strong>scriptore</strong></span> <span class='ocrx_word' id='word_1_17' title='bbox 624 1084 782 1136; x_wconf 83' lang='lat' dir='ltr'><strong>extremae</strong></span> <span class='ocrx_word' id='word_1_18' title='bbox 804 1079 915 1138; x_wconf 85' lang='lat' dir='ltr'><strong>aetatis</strong></span> <span class='ocrx_word' id='word_1_19' title='bbox 937 1085 970 1137; x_wconf 89' lang='lat' dir='ltr'><strong>et</strong></span> <span class='ocrx_word' id='word_1_20' title='bbox 992 1081 1148 1157; x_wconf 83' lang='lat' dir='ltr'><strong>pessimae</strong></span> 
     </span>
     <span class='ocr_line' id='line_1_4' title="bbox 51 1182 1147 1267; baseline 0.005 -25"><span class='ocrx_word' id='word_1_21' title='bbox 51 1191 157 1258; x_wconf 87' lang='lat' dir='ltr'><strong>notae,</strong></span> <span class='ocrx_word' id='word_1_22' title='bbox 179 1185 233 1263; x_wconf 87' lang='lat' dir='ltr'><strong>qui</strong></span> <span class='ocrx_word' id='word_1_23' title='bbox 253 1184 322 1245; x_wconf 87' lang='lat' dir='ltr'><strong>aine</strong></span> <span class='ocrx_word' id='word_1_24' title='bbox 343 1184 411 1244; x_wconf 92' lang='lat' dir='ltr'><strong>uiia·</strong></span> <span class='ocrx_word' id='word_1_25' title='bbox 426 1183 498 1244; x_wconf 86' lang='lat' dir='ltr'><strong>fero</strong></span> <span class='ocrx_word' id='word_1_26' title='bbox 519 1182 773 1245; x_wconf 76' lang='lat' dir='ltr'><strong>consideratione</strong></span> <span class='ocrx_word' id='word_1_27' title='bbox 794 1190 828 1245; x_wconf 90' lang='lat' dir='ltr'><strong>ct</strong></span> <span class='ocrx_word' id='word_1_28' title='bbox 848 1187 915 1245; x_wconf 88' lang='lat' dir='ltr'><strong>sine</strong></span> <span class='ocrx_word' id='word_1_29' title='bbox 935 1185 997 1245; x_wconf 92' lang='lat' dir='ltr'><strong>uiio</strong></span> <span class='ocrx_word' id='word_1_30' title='bbox 1022 1184 1147 1267; x_wconf 77' lang='lat' dir='ltr'><strong>judicio</strong></span> 
     </span>
     <span class='ocr_line' id='line_1_5' title="bbox 50 1289 1147 1371; baseline 0.001 -20"><span class='ocrx_word' id='word_1_31' title='bbox 50 1290 298 1351; x_wconf 88' lang='lat' dir='ltr'><strong>Dicaearchiana</strong></span> <span class='ocrx_word' id='word_1_32' title='bbox 324 1290 356 1351; x_wconf 91' lang='lat' dir='ltr'><strong>in</strong></span> <span class='ocrx_word' id='word_1_33' title='bbox 383 1308 493 1351; x_wconf 82' lang='lat' dir='ltr'><strong>versuo</strong></span> <span class='ocrx_word' id='word_1_34' title='bbox 521 1291 633 1350; x_wconf 91' lang='lat' dir='ltr'><strong>mirum</strong></span> <span class='ocrx_word' id='word_1_35' title='bbox 663 1292 694 1351; x_wconf 90' lang='lat' dir='ltr'><strong>in</strong></span> <span class='ocrx_word' id='word_1_36' title='bbox 716 1289 843 1353; x_wconf 90' lang='lat' dir='ltr'><strong>modom</strong></span> <span class='ocrx_word' id='word_1_37' title='bbox 871 1310 984 1371; x_wconf 76' lang='lat' dir='ltr'><strong>pravos</strong></span> <span class='ocrx_word' id='word_1_38' title='bbox 1005 1301 1147 1352; x_wconf 86' lang='lat' dir='ltr'><strong>coarcta-</strong></span> 
     </span>
     <span class='ocr_line' id='line_1_6' title="bbox 50 1399 1148 1479; baseline 0.003 -21"><span class='ocrx_word' id='word_1_39' title='bbox 50 1400 147 1460; x_wconf 84' lang='lat' dir='ltr'><strong>verit.</strong></span> <span class='ocrx_word' id='word_1_40' title='bbox 198 1400 315 1477; x_wconf 76' lang='lat' dir='ltr'><strong>Quaeri</strong></span> <span class='ocrx_word' id='word_1_41' title='bbox 343 1408 466 1479; x_wconf 87' lang='lat' dir='ltr'><strong>potest,</strong></span> <span class='ocrx_word' id='word_1_42' title='bbox 493 1405 597 1460; x_wconf 88' lang='lat' dir='ltr'><strong>utrum</strong></span> <span class='ocrx_word' id='word_1_43' title='bbox 621 1399 737 1461; x_wconf 82' lang='lat' dir='ltr'><strong>diversi</strong></span> <span class='ocrx_word' id='word_1_44' title='bbox 757 1401 900 1461; x_wconf 87' lang='lat' dir='ltr'><strong>homines</strong></span> <span class='ocrx_word' id='word_1_45' title='bbox 920 1408 1072 1479; x_wconf 85' lang='lat' dir='ltr'><strong>excerpta</strong></span> <span class='ocrx_word' id='word_1_46' title='bbox 1093 1400 1148 1461; x_wconf 92' lang='lat' dir='ltr'><strong>Di-</strong></span> 
     </span>
     <span class='ocr_line' id='line_1_7' title="bbox 51 1508 1148 1589; baseline 0 -20"><span class='ocrx_word' id='word_1_47' title='bbox 51 1508 259 1569; x_wconf 85' lang='lat' dir='ltr'><strong>caearchiana</strong></span> <span class='ocrx_word' id='word_1_48' title='bbox 286 1510 505 1584; x_wconf 78' lang='lat' dir='ltr'><strong>confecerint,</strong></span> <span class='ocrx_word' id='word_1_49' title='bbox 536 1508 617 1569; x_wconf 87' lang='lat' dir='ltr'><strong>aiter</strong></span> <span class='ocrx_word' id='word_1_50' title='bbox 637 1508 799 1589; x_wconf 82' lang='lat' dir='ltr'><strong>prosaica,</strong></span> <span class='ocrx_word' id='word_1_51' title='bbox 827 1508 908 1568; x_wconf 88' lang='lat' dir='ltr'><strong>aiter</strong></span> <span class='ocrx_word' id='word_1_52' title='bbox 933 1509 1078 1588; x_wconf 64' lang='lat' dir='ltr'><strong>punition,</strong></span> <span class='ocrx_word' id='word_1_53' title='bbox 1108 1526 1148 1569; x_wconf 90' lang='lat' dir='ltr'><strong>an</strong></span> 
     </span>
     <span class='ocr_line' id='line_1_8' title="bbox 51 1605 1149 1696; baseline -0.002 -19"><span class='ocrx_word' id='word_1_54' title='bbox 51 1632 134 1677; x_wconf 88' lang='lat' dir='ltr'><strong>unus</strong></span> <span class='ocrx_word' id='word_1_55' title='bbox 159 1615 309 1695; x_wconf 82' lang='lat' dir='ltr'><strong>idemque</strong></span> <span class='ocrx_word' id='word_1_56' title='bbox 337 1618 478 1696; x_wconf 72' lang='lat' dir='ltr'><strong>scriptor</strong></span> <span class='ocrx_word' id='word_1_57' title='bbox 509 1634 547 1675; x_wconf 78' lang='lat' dir='ltr'><strong>aa</strong></span> <span class='ocrx_word' id='word_1_58' title='bbox 579 1605 734 1695; x_wconf 76' lang='grc' dir='ltr'><em>περιόδῳ</em></span> <span class='ocrx_word' id='word_1_59' title='bbox 755 1632 865 1676; x_wconf 81' lang='lat' dir='ltr'><strong>versus</strong></span> <span class='ocrx_word' id='word_1_60' title='bbox 885 1614 1149 1695; x_wconf 76' lang='lat' dir='ltr'><strong>conglutinaverit</strong></span> 
     </span>
     <span class='ocr_line' id='line_1_9' title="bbox 53 1721 1148 1803; baseline -0.002 -18"><span class='ocrx_word' id='word_1_61' title='bbox 53 1732 88 1785; x_wconf 85' lang='lat' dir='ltr'><strong>et</strong></span> <span class='ocrx_word' id='word_1_62' title='bbox 110 1742 148 1785; x_wconf 81' lang='lat' dir='ltr'><strong>ex</strong></span> <span class='ocrx_word' id='word_1_63' title='bbox 169 1721 235 1803; x_wconf 74' lang='grc' dir='ltr'><strong>βίῳ</strong></span> <span class='ocrx_word' id='word_1_64' title='bbox 258 1724 374 1787; x_wconf 84' lang='lat' dir='ltr'><strong>deinde</strong></span> <span class='ocrx_word' id='word_1_65' title='bbox 388 1724 486 1785; x_wconf 83' lang='lat' dir='ltr'><strong>satius</strong></span> <span class='ocrx_word' id='word_1_66' title='bbox 501 1724 628 1784; x_wconf 84' lang='lat' dir='ltr'><strong>duxerit</strong></span> <span class='ocrx_word' id='word_1_67' title='bbox 643 1722 786 1802; x_wconf 85' lang='lat' dir='ltr'><strong>pedestri</strong></span> <span class='ocrx_word' id='word_1_68' title='bbox 801 1722 945 1785; x_wconf 84' lang='lat' dir='ltr'><strong>oratione</strong></span> <span class='ocrx_word' id='word_1_69' title='bbox 960 1727 1148 1801; x_wconf 69' lang='lat' dir='ltr'><strong>excerpere·</strong></span> 
     </span>
     <span class='ocr_line' id='line_1_10' title="bbox 52 1830 1148 1914; baseline -0.001 -23"><span class='ocrx_word' id='word_1_70' title='bbox 52 1850 111 1891; x_wconf 81' lang='lat' dir='ltr'><strong>seu</strong></span> <span class='ocrx_word' id='word_1_71' title='bbox 132 1834 264 1892; x_wconf 87' lang='lat' dir='ltr'><strong>matrico</strong></span> <span class='ocrx_word' id='word_1_72' title='bbox 287 1832 394 1894; x_wconf 87' lang='lat' dir='ltr'><strong>inhore</strong></span> <span class='ocrx_word' id='word_1_73' title='bbox 410 1832 477 1914; x_wconf 89' lang='lat' dir='ltr'><strong>jam</strong></span> <span class='ocrx_word' id='word_1_74' title='bbox 500 1831 643 1892; x_wconf 78' lang='lat' dir='ltr'><strong>defessus</strong></span> <span class='ocrx_word' id='word_1_75' title='bbox 665 1831 784 1905; x_wconf 83' lang='lat' dir='ltr'><strong>inerit,</strong></span> <span class='ocrx_word' id='word_1_76' title='bbox 804 1850 861 1891; x_wconf 84' lang='lat' dir='ltr'><strong>seu</strong></span> <span class='ocrx_word' id='word_1_77' title='bbox 882 1832 916 1891; x_wconf 90' lang='lat' dir='ltr'><strong>iu</strong></span> <span class='ocrx_word' id='word_1_78' title='bbox 937 1830 998 1890; x_wconf 88' lang='lat' dir='ltr'><strong>hac</strong></span> <span class='ocrx_word' id='word_1_79' title='bbox 1019 1848 1148 1909; x_wconf 89' lang='lat' dir='ltr'><strong>compo-</strong></span> 
     </span>
     <span class='ocr_line' id='line_1_11' title="bbox 52 1939 1147 2029; baseline -0.002 -28"><span class='ocrx_word' id='word_1_80' title='bbox 52 1939 150 2001; x_wconf 88' lang='lat' dir='ltr'><strong>nendi</strong></span> <span class='ocrx_word' id='word_1_81' title='bbox 170 1947 262 2021; x_wconf 77' lang='lat' dir='ltr'><strong>peric</strong></span> <span class='ocrx_word' id='word_1_82' title='bbox 283 1958 343 2003; x_wconf 93' lang='lat' dir='ltr'><strong>non</strong></span> <span class='ocrx_word' id='word_1_83' title='bbox 359 1940 493 2029; x_wconf 86' lang='lat' dir='ltr'><strong>cpudem</strong></span> <span class='ocrx_word' id='word_1_84' title='bbox 507 1940 602 2001; x_wconf 85' lang='lat' dir='ltr'><strong>tinem</strong></span> <span class='ocrx_word' id='word_1_85' title='bbox 618 1958 711 2018; x_wconf 89' lang='lat' dir='ltr'><strong>quam</strong></span> <span class='ocrx_word' id='word_1_86' title='bbox 732 1939 798 1999; x_wconf 92' lang='lat' dir='ltr'><strong>iiiic</strong></span> <span class='ocrx_word' id='word_1_87' title='bbox 812 1939 1015 2017; x_wconf 83' lang='lat' dir='ltr'><strong>spectaverit.</strong></span> <span class='ocrx_word' id='word_1_88' title='bbox 1046 1939 1147 2017; x_wconf 82' lang='lat' dir='ltr'><strong>Quaa-</strong></span> 
     </span>
     <span class='ocr_line' id='line_1_12' title="bbox 53 2044 1147 2129; baseline 0.001 -23"><span class='ocrx_word' id='word_1_89' title='bbox 53 2064 147 2129; x_wconf 78' lang='lat' dir='ltr'><strong>quam</strong></span> <span class='ocrx_word' id='word_1_90' title='bbox 168 2050 231 2111; x_wconf 84' lang='lat' dir='ltr'><strong>noa</strong></span> <span class='ocrx_word' id='word_1_91' title='bbox 252 2064 381 2127; x_wconf 72' lang='lat' dir='ltr'><strong>maguae</strong></span> <span class='ocrx_word' id='word_1_92' title='bbox 401 2064 522 2127; x_wconf 80' lang='lat' dir='ltr'><strong>operae</strong></span> <span class='ocrx_word' id='word_1_93' title='bbox 549 2044 612 2107; x_wconf 81' lang='lat' dir='ltr'><strong>fuit</strong></span> <span class='ocrx_word' id='word_1_94' title='bbox 637 2045 793 2127; x_wconf 86' lang='lat' dir='ltr'><strong>ejusmodi</strong></span> <span class='ocrx_word' id='word_1_95' title='bbox 814 2063 923 2106; x_wconf 87' lang='lat' dir='ltr'><strong>versus</strong></span> <span class='ocrx_word' id='word_1_96' title='bbox 944 2063 1147 2125; x_wconf 88' lang='lat' dir='ltr'><strong>componere,</strong></span> 
     </span>
    </p>
   </div>
   <div class='ocr_carea' id='block_1_3' title="bbox 10 2154 1149 2559">
    <p class='ocr_par' dir='ltr' id='par_1_3' title="bbox 10 2154 1149 2559">
     <span class='ocr_line' id='line_1_13' title="bbox 52 2154 1148 2237; baseline -0.002 -20"><span class='ocrx_word' id='word_1_97' title='bbox 52 2156 176 2217; x_wconf 78' lang='lat' dir='ltr'><strong>etiamsi</strong></span> <span class='ocrx_word' id='word_1_98' title='bbox 204 2176 265 2218; x_wconf 93' lang='lat' dir='ltr'><strong>non</strong></span> <span class='ocrx_word' id='word_1_99' title='bbox 295 2156 461 2237; x_wconf 83' lang='lat' dir='ltr'><strong>probahiie</strong></span> <span class='ocrx_word' id='word_1_100' title='bbox 489 2164 540 2217; x_wconf 83' lang='lat' dir='ltr'><strong>eat</strong></span> <span class='ocrx_word' id='word_1_101' title='bbox 567 2164 791 2235; x_wconf 81' lang='lat' dir='ltr'><strong>excerptorem</strong></span> <span class='ocrx_word' id='word_1_102' title='bbox 818 2172 856 2214; x_wconf 90' lang='lat' dir='ltr'><strong>ea</strong></span> <span class='ocrx_word' id='word_1_103' title='bbox 877 2155 909 2215; x_wconf 91' lang='lat' dir='ltr'><strong>in</strong></span> <span class='ocrx_word' id='word_1_104' title='bbox 938 2172 975 2215; x_wconf 88' lang='lat' dir='ltr'><strong>re</strong></span> <span class='ocrx_word' id='word_1_105' title='bbox 1006 2154 1148 2235; x_wconf 88' lang='lat' dir='ltr'><strong>adjutum</strong></span> 
     </span>
     <span class='ocr_line' id='line_1_14' title="bbox 10 2260 1148 2344; baseline -0.004 -19"><span class='ocrx_word' id='word_1_106' title='bbox 10 2284 12 2289; x_wconf 92' lang='lat'>·</span> <span class='ocrx_word' id='word_1_107' title='bbox 10 2260 154 2325; x_wconf 76' lang='lat' dir='ltr'><strong>inissa</strong></span> <span class='ocrx_word' id='word_1_108' title='bbox 172 2263 352 2344; x_wconf 75' lang='lat' dir='ltr'><strong>rhythmico</strong></span> <span class='ocrx_word' id='word_1_109' title='bbox 380 2263 515 2344; x_wconf 89' lang='lat' dir='ltr'><strong>quodam</strong></span> <span class='ocrx_word' id='word_1_110' title='bbox 543 2264 780 2344; x_wconf 80' lang='lat' dir='ltr'><strong>compositionis</strong></span> <span class='ocrx_word' id='word_1_111' title='bbox 802 2261 1066 2323; x_wconf 85' lang='lat' dir='ltr'><strong>Dicaearchianae</strong></span> <span class='ocrx_word' id='word_1_112' title='bbox 1091 2262 1148 2321; x_wconf 90' lang='lat' dir='ltr'><strong>ha-</strong></span> 
     </span>
     <span class='ocr_line' id='line_1_15' title="bbox 10 2362 1149 2457; baseline -0.004 -24.982"><span class='ocrx_word' id='word_1_113' title='bbox 10 2362 27 2411; x_wconf 74' lang='lat'><strong>·&#39;</strong></span> <span class='ocrx_word' id='word_1_114' title='bbox 54 2370 142 2446; x_wconf 74' lang='lat' dir='ltr'><strong>Min,</strong></span> <span class='ocrx_word' id='word_1_115' title='bbox 172 2370 214 2431; x_wconf 87' lang='lat' dir='ltr'><strong>de</strong></span> <span class='ocrx_word' id='word_1_116' title='bbox 236 2390 298 2451; x_wconf 85' lang='lat' dir='ltr'><strong>quo</strong></span> <span class='ocrx_word' id='word_1_117' title='bbox 320 2380 482 2432; x_wconf 88' lang='lat' dir='ltr'><strong>auctorem</strong></span> <span class='ocrx_word' id='word_1_118' title='bbox 502 2371 584 2450; x_wconf 79' lang='lat' dir='ltr'><strong>napi</strong></span> <span class='ocrx_word' id='word_1_119' title='bbox 605 2366 801 2457; x_wconf 75' lang='grc' dir='ltr'><strong><em>ἑρμννείας,</em></strong></span> <span class='ocrx_word' id='word_1_120' title='bbox 832 2386 926 2449; x_wconf 83' lang='lat' dir='ltr'><strong>quom</strong></span> <span class='ocrx_word' id='word_1_121' title='bbox 954 2369 1149 2430; x_wconf 83' lang='lat' dir='ltr'><strong>Demetrium</strong></span> 
     </span>
     <span class='ocr_line' id='line_1_16' title="bbox 10 2476 1149 2559; baseline -0.002 -19.923"><span class='ocrx_word' id='word_1_122' title='bbox 10 2476 242 2547; x_wconf 79' lang='lat' dir='ltr'><strong>;l²haicreum</strong></span> <span class='ocrx_word' id='word_1_123' title='bbox 262 2478 361 2541; x_wconf 87' lang='lat' dir='ltr'><strong>iuiaae</strong></span> <span class='ocrx_word' id='word_1_124' title='bbox 382 2479 456 2539; x_wconf 92' lang='lat' dir='ltr'><strong>oiim</strong></span> <span class='ocrx_word' id='word_1_125' title='bbox 477 2486 670 2552; x_wconf 83' lang='lat' dir='ltr'><strong>statuerunt,</strong></span> <span class='ocrx_word' id='word_1_126' title='bbox 702 2477 860 2539; x_wconf 82' lang='lat' dir='ltr'><strong>disserere</strong></span> <span class='ocrx_word' id='word_1_127' title='bbox 887 2496 985 2559; x_wconf 85' lang='lat' dir='ltr'><strong>snpra</strong></span> <span class='ocrx_word' id='word_1_128' title='bbox 1005 2476 1149 2539; x_wconf 80' lang='lat' dir='ltr'><strong>vidimus.</strong></span> 
     </span>
    </p>
   </div>
   <div class='ocr_carea' id='block_1_4' title="bbox 10 2586 1151 4834">
    <p class='ocr_par' dir='ltr' id='par_1_4' title="bbox 10 2586 1151 4834">
     <span class='ocr_line' id='line_1_17' title="bbox 10 2586 1148 2669; baseline -0.004 -18"><span class='ocrx_word' id='word_1_129' title='bbox 10 2620 18 2661; x_wconf 71' lang='grc' dir='ltr'><strong>ς</strong></span> <span class='ocrx_word' id='word_1_130' title='bbox 53 2587 274 2651; x_wconf 77' lang='lat' dir='ltr'><strong>Adnotandum</strong></span> <span class='ocrx_word' id='word_1_131' title='bbox 303 2589 441 2668; x_wconf 85' lang='lat' dir='ltr'><strong>deniqne</strong></span> <span class='ocrx_word' id='word_1_132' title='bbox 470 2595 536 2663; x_wconf 82' lang='lat' dir='ltr'><strong>est,</strong></span> <span class='ocrx_word' id='word_1_133' title='bbox 567 2588 600 2648; x_wconf 92' lang='lat' dir='ltr'><strong>in</strong></span> <span class='ocrx_word' id='word_1_134' title='bbox 628 2586 791 2649; x_wconf 86' lang='lat' dir='ltr'><strong>codicibus</strong></span> <span class='ocrx_word' id='word_1_135' title='bbox 823 2587 1024 2669; x_wconf 78' lang='lat' dir='ltr'><strong>anagraphen</strong></span> <span class='ocrx_word' id='word_1_136' title='bbox 1053 2586 1148 2647; x_wconf 90' lang='lat' dir='ltr'><strong>modo</strong></span> 
     </span>
     <span class='ocr_line' id='line_1_18' title="bbox 10 2695 1149 2775; baseline -0.004 -16"><span class='ocrx_word' id='word_1_137' title='bbox 10 2730 21 2773; x_wconf 73' lang='lat' dir='ltr'><strong>t·</strong></span> <span class='ocrx_word' id='word_1_138' title='bbox 52 2698 123 2759; x_wconf 80' lang='lat' dir='ltr'><strong>aine</strong></span> <span class='ocrx_word' id='word_1_139' title='bbox 143 2703 289 2757; x_wconf 71' lang='lat' dir='ltr'><strong>weurata</strong></span> <span class='ocrx_word' id='word_1_140' title='bbox 309 2714 455 2758; x_wconf 80' lang='lat' dir='ltr'><strong>versuum</strong></span> <span class='ocrx_word' id='word_1_141' title='bbox 476 2695 696 2770; x_wconf 82' lang='lat' dir='ltr'><strong>distinctione,</strong></span> <span class='ocrx_word' id='word_1_142' title='bbox 725 2695 819 2756; x_wconf 91' lang='lat' dir='ltr'><strong>modo</strong></span> <span class='ocrx_word' id='word_1_143' title='bbox 838 2712 951 2755; x_wconf 80' lang='lat' dir='ltr'><strong>revera</strong></span> <span class='ocrx_word' id='word_1_144' title='bbox 973 2698 1071 2756; x_wconf 84' lang='lat' dir='ltr'><strong>instar</strong></span> <span class='ocrx_word' id='word_1_145' title='bbox 1092 2714 1149 2775; x_wconf 91' lang='lat' dir='ltr'><strong>pc-</strong></span> 
     </span>
     <span class='ocr_line' id='line_1_19' title="bbox 10 2786 1150 2887; baseline 0.002 -24"><span class='ocrx_word' id='word_1_146' title='bbox 10 2838 22 2887; x_wconf 72' lang='lat'><strong>‚2</strong></span> <span class='ocrx_word' id='word_1_147' title='bbox 54 2786 173 2865; x_wconf 75' lang='lat' dir='ltr'><strong>destris</strong></span> <span class='ocrx_word' id='word_1_148' title='bbox 193 2804 345 2865; x_wconf 79' lang='lat' dir='ltr'><strong>untionis</strong></span> <span class='ocrx_word' id='word_1_149' title='bbox 366 2804 521 2880; x_wconf 78' lang='lat' dir='ltr'><strong>exhiberi,</strong></span> <span class='ocrx_word' id='word_1_150' title='bbox 543 2804 803 2883; x_wconf 87' lang='lat' dir='ltr'><strong>quemadmodum</strong></span> <span class='ocrx_word' id='word_1_151' title='bbox 819 2804 1002 2866; x_wconf 84' lang='lat' dir='ltr'><strong>iioisteniua</strong></span> <span class='ocrx_word' id='word_1_152' title='bbox 1023 2822 1150 2883; x_wconf 89' lang='lat' dir='ltr'><strong>quoque</strong></span> 
     </span>
     <span class='ocr_line' id='line_1_20' title="bbox 10 2912 1150 2995; baseline 0.001 -21"><span class='ocrx_word' id='word_1_153' title='bbox 10 2920 23 2995; x_wconf 59' lang='lat' dir='ltr'><strong>p</strong></span> <span class='ocrx_word' id='word_1_154' title='bbox 51 2912 159 2974; x_wconf 76' lang='lat' dir='ltr'><strong>reteri</strong></span> <span class='ocrx_word' id='word_1_155' title='bbox 175 2912 220 2975; x_wconf 85' lang='lat' dir='ltr'><strong>&#39;in</strong></span> <span class='ocrx_word' id='word_1_156' title='bbox 241 2913 437 2993; x_wconf 72' lang='lat' dir='ltr'><strong>anagraphea</strong></span> <span class='ocrx_word' id='word_1_157' title='bbox 457 2913 520 2973; x_wconf 90' lang='lat' dir='ltr'><strong>iine</strong></span> <span class='ocrx_word' id='word_1_158' title='bbox 542 2915 662 2993; x_wconf 89' lang='lat' dir='ltr'><strong>primos</strong></span> <span class='ocrx_word' id='word_1_159' title='bbox 685 2913 826 2975; x_wconf 85' lang='lat' dir='ltr'><strong>editores</strong></span> <span class='ocrx_word' id='word_1_160' title='bbox 848 2912 942 2993; x_wconf 85' lang='lat' dir='ltr'><strong>piane</strong></span> <span class='ocrx_word' id='word_1_161' title='bbox 963 2913 1150 2994; x_wconf 77' lang='lat' dir='ltr'><strong>neglexisse,</strong></span> 
     </span>
     <span class='ocr_line' id='line_1_21' title="bbox 10 3020 1150 3103; baseline -0.001 -20"><span class='ocrx_word' id='word_1_162' title='bbox 10 3056 21 3101; x_wconf 72' lang='lat'><em>5</em></span> <span class='ocrx_word' id='word_1_163' title='bbox 50 3022 141 3103; x_wconf 79' lang='lat' dir='ltr'><strong>quoti</strong></span> <span class='ocrx_word' id='word_1_164' title='bbox 163 3022 256 3081; x_wconf 87' lang='lat' dir='ltr'><strong>etiam</strong></span> <span class='ocrx_word' id='word_1_165' title='bbox 278 3040 315 3082; x_wconf 89' lang='lat' dir='ltr'><strong>ca</strong></span> <span class='ocrx_word' id='word_1_166' title='bbox 339 3040 419 3098; x_wconf 85' lang='lat' dir='ltr'><strong>quae</strong></span> <span class='ocrx_word' id='word_1_167' title='bbox 441 3020 482 3082; x_wconf 87' lang='lat' dir='ltr'><strong>de</strong></span> <span class='ocrx_word' id='word_1_168' title='bbox 496 3020 692 3101; x_wconf 88' lang='lat' dir='ltr'><strong>Sporadihua</strong></span> <span class='ocrx_word' id='word_1_169' title='bbox 713 3022 822 3083; x_wconf 78' lang='lat' dir='ltr'><strong>inaniis</strong></span> <span class='ocrx_word' id='word_1_170' title='bbox 847 3021 971 3102; x_wconf 83' lang='lat' dir='ltr'><strong>proista</strong></span> <span class='ocrx_word' id='word_1_171' title='bbox 992 3027 1064 3083; x_wconf 88' lang='lat' dir='ltr'><strong>suut</strong></span> <span class='ocrx_word' id='word_1_172' title='bbox 1083 3040 1150 3082; x_wconf 90' lang='lat' dir='ltr'><strong>ma·</strong></span> 
     </span>
     <span class='ocr_line' id='line_1_22' title="bbox 10 3128 1150 3209; baseline -0.001 -18"><span class='ocrx_word' id='word_1_173' title='bbox 10 3164 18 3207; x_wconf 84' lang='lat'><strong>:·</strong></span> <span class='ocrx_word' id='word_1_174' title='bbox 47 3130 137 3191; x_wconf 74' lang='lat' dir='ltr'><strong>trica</strong></span> <span class='ocrx_word' id='word_1_175' title='bbox 158 3130 331 3209; x_wconf 85' lang='lat' dir='ltr'><strong>composita</strong></span> <span class='ocrx_word' id='word_1_176' title='bbox 363 3136 483 3204; x_wconf 85' lang='lat' dir='ltr'><strong>essent,</strong></span> <span class='ocrx_word' id='word_1_177' title='bbox 514 3129 604 3189; x_wconf 87' lang='lat' dir='ltr'><strong>iihris</strong></span> <span class='ocrx_word' id='word_1_178' title='bbox 625 3131 770 3190; x_wconf 88' lang='lat' dir='ltr'><strong>nimirum</strong></span> <span class='ocrx_word' id='word_1_179' title='bbox 791 3131 1015 3208; x_wconf 77' lang='lat' dir='ltr'><strong>manuscriptio</strong></span> <span class='ocrx_word' id='word_1_180' title='bbox 1036 3128 1095 3190; x_wconf 90' lang='lat' dir='ltr'><strong>hac</strong></span> <span class='ocrx_word' id='word_1_181' title='bbox 1117 3132 1150 3190; x_wconf 92' lang='lat' dir='ltr'><strong>in</strong></span> 
     </span>
     <span class='ocr_line' id='line_1_23' title="bbox 10 3232 1149 3317; baseline -0.002 -18"><span class='ocrx_word' id='word_1_182' title='bbox 10 3264 17 3307; x_wconf 73' lang='grc' dir='ltr'>ι</span> <span class='ocrx_word' id='word_1_183' title='bbox 45 3254 89 3299; x_wconf 81' lang='lat' dir='ltr'><strong>re</strong></span> <span class='ocrx_word' id='word_1_184' title='bbox 107 3232 233 3297; x_wconf 84' lang='lat' dir='ltr'><strong>uuiiam</strong></span> <span class='ocrx_word' id='word_1_185' title='bbox 251 3237 403 3298; x_wconf 87' lang='lat' dir='ltr'><strong>indicium</strong></span> <span class='ocrx_word' id='word_1_186' title='bbox 424 3237 658 3317; x_wconf 80' lang='lat' dir='ltr'><strong>praebentibus.</strong></span> <span class='ocrx_word' id='word_1_187' title='bbox 708 3235 829 3311; x_wconf 78' lang='lat' dir='ltr'><strong>Quodsi</strong></span> <span class='ocrx_word' id='word_1_188' title='bbox 851 3237 883 3296; x_wconf 92' lang='lat' dir='ltr'><strong>in</strong></span> <span class='ocrx_word' id='word_1_189' title='bbox 904 3235 1019 3297; x_wconf 89' lang='lat' dir='ltr'><strong>codice</strong></span> <span class='ocrx_word' id='word_1_190' title='bbox 1038 3236 1149 3299; x_wconf 84' lang='lat' dir='ltr'><strong>Mona·</strong></span> 
     </span>
     <span class='ocr_line' id='line_1_24' title="bbox 44 3346 1149 3430; baseline -0.002 -19"><span class='ocrx_word' id='word_1_191' title='bbox 44 3346 144 3411; x_wconf 79' lang='lat' dir='ltr'><strong>cerosi</strong></span> <span class='ocrx_word' id='word_1_192' title='bbox 164 3348 267 3407; x_wconf 83' lang='lat' dir='ltr'><strong>omnia</strong></span> <span class='ocrx_word' id='word_1_193' title='bbox 289 3364 348 3425; x_wconf 90' lang='lat' dir='ltr'><strong>per</strong></span> <span class='ocrx_word' id='word_1_194' title='bbox 370 3364 478 3407; x_wconf 84' lang='lat' dir='ltr'><strong>versus</strong></span> <span class='ocrx_word' id='word_1_195' title='bbox 499 3346 666 3407; x_wconf 83' lang='lat' dir='ltr'><strong>distributa</strong></span> <span class='ocrx_word' id='word_1_196' title='bbox 688 3354 803 3421; x_wconf 83' lang='lat' dir='ltr'><strong>essent,</strong></span> <span class='ocrx_word' id='word_1_197' title='bbox 830 3346 1034 3408; x_wconf 84' lang='lat' dir='ltr'><strong>Buttmannna</strong></span> <span class='ocrx_word' id='word_1_198' title='bbox 1054 3347 1149 3430; x_wconf 84' lang='lat' dir='ltr'><strong>hujus</strong></span> 
     </span>
     <span class='ocr_line' id='line_1_25' title="bbox 44 3452 1150 3536; baseline -0.002 -17"><span class='ocrx_word' id='word_1_199' title='bbox 44 3452 179 3519; x_wconf 86' lang='lat' dir='ltr'><strong>codicis</strong></span> <span class='ocrx_word' id='word_1_200' title='bbox 200 3455 373 3535; x_wconf 79' lang='lat' dir='ltr'><strong>papyracci</strong></span> <span class='ocrx_word' id='word_1_201' title='bbox 393 3452 519 3515; x_wconf 90' lang='lat' dir='ltr'><strong>saecuio</strong></span> <span class='ocrx_word' id='word_1_202' title='bbox 542 3462 577 3516; x_wconf 90' lang='lat' dir='ltr'><strong>ut</strong></span> <span class='ocrx_word' id='word_1_203' title='bbox 596 3456 760 3516; x_wconf 75' lang='lat' dir='ltr'><strong>uideretur</strong></span> <span class='ocrx_word' id='word_1_204' title='bbox 780 3461 869 3515; x_wconf 82' lang='lat' dir='ltr'><strong>sexto</strong></span> <span class='ocrx_word' id='word_1_205' title='bbox 890 3452 1016 3517; x_wconf 83' lang='lat' dir='ltr'><strong>decimo</strong></span> <span class='ocrx_word' id='word_1_206' title='bbox 1036 3457 1150 3536; x_wconf 82' lang='lat' dir='ltr'><strong>scripti</strong></span> 
     </span>
     <span class='ocr_line' id='line_1_26' title="bbox 41 3561 1151 3642; baseline -0.004 -15"><span class='ocrx_word' id='word_1_207' title='bbox 41 3580 117 3627; x_wconf 86' lang='lat' dir='ltr'><strong>non</strong></span> <span class='ocrx_word' id='word_1_208' title='bbox 138 3580 280 3642; x_wconf 76' lang='lat' dir='ltr'><strong>magnum</strong></span> <span class='ocrx_word' id='word_1_209' title='bbox 294 3567 491 3623; x_wconf 77' lang='lat' dir='ltr'><strong>‘momentum</strong></span> <span class='ocrx_word' id='word_1_210' title='bbox 514 3578 583 3622; x_wconf 82' lang='lat' dir='ltr'><strong>csse</strong></span> <span class='ocrx_word' id='word_1_211' title='bbox 605 3562 772 3623; x_wconf 74' lang='lat' dir='ltr'><strong>adnotavit.</strong></span> <span class='ocrx_word' id='word_1_212' title='bbox 824 3561 974 3623; x_wconf 83' lang='lat' dir='ltr'><strong>Getarum</strong></span> <span class='ocrx_word' id='word_1_213' title='bbox 994 3562 1081 3624; x_wconf 88' lang='lat' dir='ltr'><strong>idem</strong></span> <span class='ocrx_word' id='word_1_214' title='bbox 1101 3565 1151 3624; x_wconf 81' lang='lat' dir='ltr'><strong>vir</strong></span> 
     </span>
     <span class='ocr_line' id='line_1_27' title="bbox 10 3668 1150 3751; baseline -0.004 -15"><span class='ocrx_word' id='word_1_215' title='bbox 10 3690 12 3697; x_wconf 90' lang='grc'><strong><em>·</em></strong></span> <span class='ocrx_word' id='word_1_216' title='bbox 43 3672 170 3737; x_wconf 77' lang='lat' dir='ltr'><strong>doetus</strong></span> <span class='ocrx_word' id='word_1_217' title='bbox 191 3668 377 3732; x_wconf 88' lang='lat' dir='ltr'><strong>Dicaearchi</strong></span> <span class='ocrx_word' id='word_1_218' title='bbox 399 3688 480 3751; x_wconf 86' lang='lat' dir='ltr'><strong>opus</strong></span> <span class='ocrx_word' id='word_1_219' title='bbox 499 3672 666 3732; x_wconf 89' lang='lat' dir='ltr'><strong>metricum</strong></span> <span class='ocrx_word' id='word_1_220' title='bbox 687 3674 719 3731; x_wconf 93' lang='lat' dir='ltr'><strong>in</strong></span> <span class='ocrx_word' id='word_1_221' title='bbox 742 3672 915 3734; x_wconf 83' lang='lat' dir='ltr'><strong>orationem</strong></span> <span class='ocrx_word' id='word_1_222' title='bbox 938 3688 1063 3750; x_wconf 88' lang='lat' dir='ltr'><strong>prosam</strong></span> <span class='ocrx_word' id='word_1_223' title='bbox 1086 3672 1150 3732; x_wconf 90' lang='lat' dir='ltr'><strong>dis·</strong></span> 
     </span>
     <span class='ocr_line' id='line_1_28' title="bbox 43 3778 1148 3861; baseline -0.003 -17"><span class='ocrx_word' id='word_1_224' title='bbox 43 3778 192 3844; x_wconf 83' lang='lat' dir='ltr'><strong>aoiuiona</strong></span> <span class='ocrx_word' id='word_1_225' title='bbox 212 3778 312 3839; x_wconf 79' lang='lat' dir='ltr'><strong>irrisae</strong></span> <span class='ocrx_word' id='word_1_226' title='bbox 332 3780 472 3861; x_wconf 66' lang='lat' dir='ltr'><strong>coniicit.</strong></span> <span class='ocrx_word' id='word_1_227' title='bbox 514 3778 585 3858; x_wconf 72' lang='lat' dir='ltr'><strong>Dgo</strong></span> <span class='ocrx_word' id='word_1_228' title='bbox 607 3781 798 3841; x_wconf 87' lang='lat' dir='ltr'><strong>contrariom</strong></span> <span class='ocrx_word' id='word_1_229' title='bbox 819 3786 941 3839; x_wconf 81' lang='lat' dir='ltr'><strong>statuo:</strong></span> <span class='ocrx_word' id='word_1_230' title='bbox 963 3778 1148 3841; x_wconf 80' lang='lat' dir='ltr'><strong>Dicaearchi</strong></span> 
     </span>
     <span class='ocr_line' id='line_1_29' title="bbox 44 3881 1149 3966; baseline 0.001 -19"><span class='ocrx_word' id='word_1_231' title='bbox 44 3887 78 3947; x_wconf 87' lang='lat' dir='ltr'><strong>si</strong></span> <span class='ocrx_word' id='word_1_232' title='bbox 107 3881 191 3961; x_wconf 77' lang='lat' dir='ltr'><strong>qood</strong></span> <span class='ocrx_word' id='word_1_233' title='bbox 214 3900 294 3961; x_wconf 83' lang='lat' dir='ltr'><strong>opus</strong></span> <span class='ocrx_word' id='word_1_234' title='bbox 315 3884 377 3944; x_wconf 87' lang='lat' dir='ltr'><strong>hac</strong></span> <span class='ocrx_word' id='word_1_235' title='bbox 401 3884 557 3963; x_wconf 77' lang='lat' dir='ltr'><strong>pertinet,</strong></span> <span class='ocrx_word' id='word_1_236' title='bbox 578 3887 699 3945; x_wconf 80' lang='lat' dir='ltr'><strong>exstitit</strong></span> <span class='ocrx_word' id='word_1_237' title='bbox 720 3887 912 3966; x_wconf 86' lang='lat' dir='ltr'><strong>prosaicum,</strong></span> <span class='ocrx_word' id='word_1_238' title='bbox 941 3887 1015 3948; x_wconf 86' lang='lat' dir='ltr'><strong>inde</strong></span> <span class='ocrx_word' id='word_1_239' title='bbox 1037 3892 1091 3965; x_wconf 74' lang='lat' dir='ltr'><strong>aut</strong></span> <span class='ocrx_word' id='word_1_240' title='bbox 1111 3887 1149 3948; x_wconf 89' lang='lat' dir='ltr'><strong>ah</strong></span> 
     </span>
     <span class='ocr_line' id='line_1_30' title="bbox 44 3990 1149 4074; baseline 0 -19"><span class='ocrx_word' id='word_1_241' title='bbox 44 3992 149 4055; x_wconf 90' lang='lat' dir='ltr'><strong>initio</strong></span> <span class='ocrx_word' id='word_1_242' title='bbox 164 3990 290 4069; x_wconf 82' lang='lat' dir='ltr'><strong>qnidam</strong></span> <span class='ocrx_word' id='word_1_243' title='bbox 310 3992 443 4052; x_wconf 89' lang='lat' dir='ltr'><strong>metrice</strong></span> <span class='ocrx_word' id='word_1_244' title='bbox 458 3994 618 4072; x_wconf 81' lang='lat' dir='ltr'><strong>excerpsit</strong></span> <span class='ocrx_word' id='word_1_245' title='bbox 640 4002 693 4054; x_wconf 86' lang='lat' dir='ltr'><strong>aut</strong></span> <span class='ocrx_word' id='word_1_246' title='bbox 714 3995 853 4073; x_wconf 89' lang='lat' dir='ltr'><strong>epitome</strong></span> <span class='ocrx_word' id='word_1_247' title='bbox 872 4014 963 4073; x_wconf 85' lang='lat' dir='ltr'><strong>quam</strong></span> <span class='ocrx_word' id='word_1_248' title='bbox 984 3994 1059 4055; x_wconf 91' lang='lat' dir='ltr'><strong>inde</strong></span> <span class='ocrx_word' id='word_1_249' title='bbox 1081 3998 1149 4074; x_wconf 85' lang='lat' dir='ltr'><strong>qoi-</strong></span> 
     </span>
     <span class='ocr_line' id='line_1_31' title="bbox 46 4095 1148 4179; baseline 0.001 -18"><span class='ocrx_word' id='word_1_250' title='bbox 46 4100 130 4161; x_wconf 85' lang='lat' dir='ltr'><strong>dam</strong></span> <span class='ocrx_word' id='word_1_251' title='bbox 152 4098 291 4159; x_wconf 75' lang='lat' dir='ltr'><strong>conticuit</strong></span> <span class='ocrx_word' id='word_1_252' title='bbox 312 4100 456 4179; x_wconf 87' lang='lat' dir='ltr'><strong>prosaica</strong></span> <span class='ocrx_word' id='word_1_253' title='bbox 478 4101 515 4160; x_wconf 86' lang='lat' dir='ltr'><strong>ab</strong></span> <span class='ocrx_word' id='word_1_254' title='bbox 538 4095 602 4160; x_wconf 83' lang='lat' dir='ltr'><strong>aiio</strong></span> <span class='ocrx_word' id='word_1_255' title='bbox 622 4100 737 4163; x_wconf 86' lang='lat' dir='ltr'><strong>deinde</strong></span> <span class='ocrx_word' id='word_1_256' title='bbox 758 4105 789 4162; x_wconf 92' lang='lat' dir='ltr'><strong>in</strong></span> <span class='ocrx_word' id='word_1_257' title='bbox 812 4121 920 4163; x_wconf 77' lang='lat' dir='ltr'><strong>versus</strong></span> <span class='ocrx_word' id='word_1_258' title='bbox 941 4103 1070 4164; x_wconf 86' lang='lat' dir='ltr'><strong>redacta</strong></span> <span class='ocrx_word' id='word_1_259' title='bbox 1091 4110 1148 4164; x_wconf 87' lang='lat' dir='ltr'><strong>eat.</strong></span> 
     </span>
     <span class='ocr_line' id='line_1_32' title="bbox 45 4206 1149 4288; baseline 0.007 -23"><span class='ocrx_word' id='word_1_260' title='bbox 45 4208 89 4271; x_wconf 80' lang='lat' dir='ltr'><strong>ln</strong></span> <span class='ocrx_word' id='word_1_261' title='bbox 113 4206 206 4266; x_wconf 88' lang='lat' dir='ltr'><strong>tituio</strong></span> <span class='ocrx_word' id='word_1_262' title='bbox 227 4207 348 4267; x_wconf 84' lang='lat' dir='ltr'><strong>codicis</strong></span> <span class='ocrx_word' id='word_1_263' title='bbox 363 4210 417 4287; x_wconf 87' lang='lat' dir='ltr'><strong>qui</strong></span> <span class='ocrx_word' id='word_1_264' title='bbox 439 4226 520 4271; x_wconf 88' lang='lat' dir='ltr'><strong>nanc</strong></span> <span class='ocrx_word' id='word_1_265' title='bbox 536 4208 721 4271; x_wconf 88' lang='lat' dir='ltr'><strong>Monaohiae</strong></span> <span class='ocrx_word' id='word_1_266' title='bbox 736 4222 915 4273; x_wconf 77' lang='lat' dir='ltr'><strong>reservatur</strong></span> <span class='ocrx_word' id='word_1_267' title='bbox 937 4213 1045 4288; x_wconf 86' lang='lat' dir='ltr'><strong>rnhro,</strong></span> <span class='ocrx_word' id='word_1_268' title='bbox 1066 4213 1149 4274; x_wconf 84' lang='lat' dir='ltr'><strong>sicut</strong></span> 
     </span>
     <span class='ocr_line' id='line_1_33' title="bbox 47 4314 1150 4400; baseline 0.003 -22"><span class='ocrx_word' id='word_1_269' title='bbox 47 4315 153 4379; x_wconf 81' lang='lat' dir='ltr'><strong>etiam</strong></span> <span class='ocrx_word' id='word_1_270' title='bbox 173 4324 208 4375; x_wconf 87' lang='lat' dir='ltr'><strong>ut</strong></span> <span class='ocrx_word' id='word_1_271' title='bbox 229 4314 355 4375; x_wconf 81' lang='lat' dir='ltr'><strong>videtur</strong></span> <span class='ocrx_word' id='word_1_272' title='bbox 375 4317 408 4375; x_wconf 92' lang='lat' dir='ltr'><strong>in</strong></span> <span class='ocrx_word' id='word_1_273' title='bbox 429 4318 642 4396; x_wconf 87' lang='lat' dir='ltr'><strong>manuscripto</strong></span> <span class='ocrx_word' id='word_1_274' title='bbox 665 4318 805 4380; x_wconf 86' lang='lat' dir='ltr'><strong>iinddaei</strong></span> <span class='ocrx_word' id='word_1_275' title='bbox 826 4320 929 4395; x_wconf 85' lang='lat' dir='ltr'><strong>libro,</strong></span> <span class='ocrx_word' id='word_1_276' title='bbox 960 4328 1033 4400; x_wconf 89' lang='lat' dir='ltr'><strong>post</strong></span> <span class='ocrx_word' id='word_1_277' title='bbox 1052 4320 1150 4381; x_wconf 83' lang='lat' dir='ltr'><strong>verba</strong></span> 
     </span>
     <span class='ocr_line' id='line_1_34' title="bbox 48 4413 1150 4511; baseline 0.004 -26"><span class='ocrx_word' id='word_1_278' title='bbox 48 4414 279 4503; x_wconf 80' lang='grc' dir='ltr'><strong><em>Δικαιάρχου</em></strong></span> <span class='ocrx_word' id='word_1_279' title='bbox 308 4413 498 4510; x_wconf 66' lang='grc' dir='ltr'><strong>ἀναγραφὴ</strong></span> <span class='ocrx_word' id='word_1_280' title='bbox 530 4429 589 4505; x_wconf 75' lang='grc' dir='ltr'><strong>τῆς</strong></span> <span class='ocrx_word' id='word_1_281' title='bbox 612 4416 782 4496; x_wconf 76' lang='grc' dir='ltr'><strong><em>Ἑλλάδος</em></strong></span> <span class='ocrx_word' id='word_1_282' title='bbox 809 4426 949 4488; x_wconf 89' lang='lat' dir='ltr'><strong>additum</strong></span> <span class='ocrx_word' id='word_1_283' title='bbox 977 4427 1040 4489; x_wconf 83' lang='lat' dir='ltr'><strong>fuit</strong></span> <span class='ocrx_word' id='word_1_284' title='bbox 1059 4416 1150 4511; x_wconf 73' lang='grc' dir='ltr'><strong>πρὸς</strong></span> 
     </span>
     <span class='ocr_line' id='line_1_35' title="bbox 55 4524 1149 4616; baseline 0.001 -21"><span class='ocrx_word' id='word_1_285' title='bbox 55 4524 307 4613; x_wconf 77' lang='grc' dir='ltr'><strong><em>Θεόφραστον.</em></strong></span> <span class='ocrx_word' id='word_1_286' title='bbox 339 4531 421 4603; x_wconf 72' lang='lat' dir='ltr'><strong>tibi</strong></span> <span class='ocrx_word' id='word_1_287' title='bbox 452 4530 491 4591; x_wconf 90' lang='lat' dir='ltr'><strong>de</strong></span> <span class='ocrx_word' id='word_1_288' title='bbox 513 4532 706 4593; x_wconf 86' lang='lat' dir='ltr'><strong>Dicaearcho</strong></span> <span class='ocrx_word' id='word_1_289' title='bbox 735 4533 826 4593; x_wconf 88' lang='lat' dir='ltr'><strong>simui</strong></span> <span class='ocrx_word' id='word_1_290' title='bbox 856 4553 960 4596; x_wconf 87' lang='lat' dir='ltr'><strong>sermo</strong></span> <span class='ocrx_word' id='word_1_291' title='bbox 981 4540 1051 4597; x_wconf 85' lang='lat' dir='ltr'><strong>erat</strong></span> <span class='ocrx_word' id='word_1_292' title='bbox 1072 4534 1149 4616; x_wconf 87' lang='lat' dir='ltr'><strong>quid</strong></span> 
     </span>
     <span class='ocr_line' id='line_1_36' title="bbox 50 4642 1149 4727; baseline 0.004 -24"><span class='ocrx_word' id='word_1_293' title='bbox 50 4642 158 4721; x_wconf 73' lang='lat' dir='ltr'><strong>magis</strong></span> <span class='ocrx_word' id='word_1_294' title='bbox 183 4648 362 4722; x_wconf 87' lang='lat' dir='ltr'><strong>promptum</strong></span> <span class='ocrx_word' id='word_1_295' title='bbox 384 4642 446 4703; x_wconf 84' lang='lat' dir='ltr'><strong>init</strong></span> <span class='ocrx_word' id='word_1_296' title='bbox 476 4644 633 4723; x_wconf 79' lang='lat' dir='ltr'><strong>cogitatu,</strong></span> <span class='ocrx_word' id='word_1_297' title='bbox 665 4662 757 4722; x_wconf 86' lang='lat' dir='ltr'><strong>qaam</strong></span> <span class='ocrx_word' id='word_1_298' title='bbox 786 4643 827 4704; x_wconf 87' lang='lat' dir='ltr'><strong>dc</strong></span> <span class='ocrx_word' id='word_1_299' title='bbox 849 4644 1058 4706; x_wconf 86' lang='lat' dir='ltr'><strong>ceiehcrrimo</strong></span> <span class='ocrx_word' id='word_1_300' title='bbox 1080 4646 1149 4727; x_wconf 83' lang='lat' dir='ltr'><strong>ejus</strong></span> 
     </span>
     <span class='ocr_line' id='line_1_37' title="bbox 51 4746 1147 4834; baseline 0.003 -23"><span class='ocrx_word' id='word_1_301' title='bbox 51 4746 303 4828; x_wconf 81' lang='lat' dir='ltr'><strong>condiscipuioi</strong></span> <span class='ocrx_word' id='word_1_302' title='bbox 343 4749 404 4827; x_wconf 78' lang='lat' dir='ltr'><strong>Qui</strong></span> <span class='ocrx_word' id='word_1_303' title='bbox 425 4750 625 4833; x_wconf 74' lang='lat' dir='ltr'><strong>anapraphao</strong></span> <span class='ocrx_word' id='word_1_304' title='bbox 646 4752 811 4834; x_wconf 67' lang='lat' dir='ltr'><strong>genuinam</strong></span> <span class='ocrx_word' id='word_1_305' title='bbox 839 4757 1049 4829; x_wconf 80' lang='lat' dir='ltr'><strong>consuerunt,</strong></span> <span class='ocrx_word' id='word_1_306' title='bbox 1079 4769 1147 4816; x_wconf 83' lang='lat' dir='ltr'><strong>eam</strong></span> 
     </span>
    </p>
   </div>
   <div class='ocr_carea' id='block_1_5' title="bbox 0 0 1317 5220">
    <p class='ocr_par' dir='ltr' id='par_1_5' title="bbox 0 0 1317 5220">
     <span class='ocr_line' id='line_1_38' title="bbox 0 0 1317 5220; baseline 0 0"><span class='ocrx_word' id='word_1_307' title='bbox 0 0 1317 5220; x_wconf 95' lang='lat' dir='ltr'><strong> </strong></span> 
     </span>
    </p>
   </div>
  </div>
 </body>
</html>
