2610 5228
387 699 761 780 ...507....

82 916 121 959 um
144 898 214 980 ejna
233 897 367 961 nominia
385 895 519 962 iormam
539 915 602 962 non
621 897 721 962 unium
741 897 828 979 opud
847 897 1041 978 Homerum,
1061 899 1120 962 rei

82 1023 122 1066 um
147 1003 232 1085 apud
259 1003 458 1068 Herodotum
484 1012 519 1068 et
538 1005 760 1086 Thucydidem
791 1008 928 1069 inveniri
958 1006 997 1069 ad
1025 1006 1119 1070 Viire

82 1115 183 1176 reciae
208 1111 417 1195 fragmentum
438 1132 535 1195 aupra
555 1112 710 1176 ednotavi.
752 1114 901 1178 ceterum
928 1134 990 1177 non
1011 1115 1121 1192 oredo,

82 1223 168 1283 utin
195 1223 339 1285 venione
369 1220 455 1303 apud
486 1220 622 1284 Gaiiinm
655 1221 774 1284 iactum
804 1229 873 1301 eat,
907 1231 1017 1284 noatro
1047 1223 1119 1284 loco

82 1319 377 1418 ooayoprvopuiup‚
406 1349 500 1412 quem
529 1329 568 1392 ad
597 1330 724 1393 modum
752 1331 843 1393 initio
873 1333 1012 1412 prourini
1033 1331 1122 1412 imp,

82 1437 124 1499 nti
144 1455 257 1500 revera
277 1437 548 1518 interpretandum
569 1436 712 1514 videtur,
733 1457 794 1518 per
814 1437 975 1502 celebrato
994 1447 1120 1500 verten-

82 1563 102 1606 n
130 1563 216 1622 erae,
248 1563 352 1625 nequa
380 1544 465 1608 aiind
486 1545 658 1626 significari
680 1548 862 1622 metuerim,
893 1565 984 1628 qnam
1011 1546 1121 1608 urbem

82 1673 107 1715 ια
127 1653 242 1717 dicitnr
261 1653 420 1718 Plataeae
426 1674 440 1727 i
471 1655 564 1717 aiiter
585 1661 690 1715 autem
710 1655 780 1717 nine
800 1655 897 1717 dnbio
918 1673 954 1717 ao
974 1655 1120 1730 haberet,

82 1763 227 1843 ruriptum
249 1770 334 1827 eaaot
353 1762 394 1826 αι’
413 1757 764 1846 προσαγορευόμεναι
784 1757 970 1826 Πλαταιαί.

108 1888 152 1932 va.
174 1871 246 1933 1⁰2.
276 1871 324 1934 De
345 1872 421 1935 Nian
442 1890 467 1934 ι.
487 1872 621 1949 Nisam,
646 1871 849 1953 Megarorum
871 1879 984 1953 portu,
1011 1877 1119 1934 noatro

82 1998 106 2055 o,
128 1981 249 2044 etiamai
270 1982 366 2062 panio
387 1980 471 2043 inira
491 1981 532 2042 de
552 1981 694 2062 Megaria
714 1999 818 2043 nermo
838 1981 949 2058 fleret,
968 1979 1043 2042 ideo
1065 1999 1120 2042 oo·

82 2087 186 2149 undum
207 2107 270 2151 nou
291 2107 362 2152 eaae
377 2088 577 2151 (iaanubonue
597 2089 774 2151 rectissime
795 2089 926 2162 monuit,
947 2087 1031 2168 qnod
1049 2088 1120 2149 iiie·

84 2213 172 2255 orum
186 2201 261 2257 tune
284 2187 407 2258 denium
421 2197 539 2258 mentio
559 2188 643 2257 faeta
665 2203 760 2267 earet,
781 2214 876 2274 quum
890 2195 1041 2257 Boeotiae
1063 2194 1118 2271 def

82 2304 158 2383 iptio
178 2303 320 2365 absoluta
333 2304 456 2383 iniaaet,
476 2304 530 2367 hie
543 2313 647 2366 autem
667 2303 757 2365 ioeua
778 2303 817 2365 ad
831 2304 993 2365 Boeotiam
1015 2302 1118 2364 adhue

82 2411 220 2474 ’lineret-
262 2411 308 2473 De
336 2412 413 2474 Nisa
440 2414 539 2494 igitur
568 2413 648 2474 urbe
668 2412 820 2473 Boeotiae
845 2410 1118 2492 interpretandum

82 2563 92 2594 ,
122 2519 233 2581 eadem
271 2539 352 2600 quae
379 2521 551 2583 seeundum
588 2521 807 2583 nonnullorum
843 2521 1118 2602 grammaticorum

82 2627 202 2704 tionem,
224 2647 314 2708 quam
329 2627 527 2710 anagraphea
544 2635 655 2691 anetor
678 2621 795 2718 (quem
809 2629 925 2690 iterum
939 2627 1117 2707 antiquiora

82 2753 168 2815 *pora
196 2737 421 2816 respicientem
448 2730 614 2822 videmur)
643 2737 867 2818 comprobaaae
898 2736 1047 2809 videtur,
1084 2736 1117 2796 in

82 2844 145 2904 ium
181 2845 324 2925 eataiogo
355 2846 526 2908 iiomerioo
562 2852 805 2907 commemorata
836 2850 885 2907 eat
914 2844 950 2906 ii.
979 2840 1020 2920 β,
1044 2841 1118 2904 508.

82 2968 138 3013 mv
168 2969 205 3014 te
237 2945 387 3041 ζαθέην,
419 2943 621 3038 Ἀνθηδόνα
655 2949 685 3016 τ’
716 2941 960 3034 ἐσχατόωσαν.
1016 2952 1118 3029 Quem

82 3078 144 3122 rum
171 3062 226 3124 ubi
252 3061 364 3126 Strabo
385 3064 406 3125 i.
427 3064 487 3140 ix,
508 3084 540 3144 p.
560 3063 625 3124 4⁰5
645 3063 755 3139 effert,
787 3065 958 3125 Homerum
985 3061 1118 3140 conjicit

84 3167 152 3229 dem
178 3170 328 3231 Boeotiae
355 3170 466 3231 urbem
493 3172 538 3232 ita
559 3172 751 3246 nominasse,
781 3187 861 3248 qnae
889 3167 1028 3246 alioquin
1050 3167 1116 3227 lana

82 3285 108 3337 ia
121 3276 229 3354 fuerit,
244 3279 295 3357 ‚ita
315 3283 351 3338 ut
364 3277 503 3339 nonnulii
524 3279 556 3339 iu
571 3277 775 3339 Homericum
790 3276 894 3338 ionum
916 3276 1010 3337 etiem
1025 3255 1115 3334 'Inoo

96 3376 211 3446 Νιόαν
233 3383 398 3447 intrudere
419 3383 577 3445 voluerint
599 3380 618 3467 ι)
641 3371 709 3464 γαρ
729 3378 823 3446 Nina
846 3375 1010 3464 οὐδαμοῦ
1033 3383 1114 3464 pai·

82 3509 120 3551 αι
140 3490 200 3575 τῆς
213 3486 405 3568 Βοιωτίας,
425 3479 473 3566 ὥς
487 3506 592 3577 φησιν
610 3476 886 3572 Ἀπολλόδωρος
907 3487 943 3551 ἐν
966 3486 1017 3570 τῷ
1032 3487 1116 3565 περὶ
1155 3516 1162 3529 v·

82 3599 112 3661 ῖν
135 3594 201 3681 (ci.
222 3601 323 3681 Heyn.
345 3600 422 3663 edit.
443 3598 549 3681 Apoll.
570 3606 595 3662 t.
614 3598 639 3675 1,
660 3618 692 3680 p.
712 3598 785 3660 424.
806 3596 950 3660 linatath.
975 3596 1014 3658 nd
1037 3595 1070 3658 ii.
1094 3595 1114 3655 Ι.

82 3703 187 3794 27η·
217 3698 302 3771 ὥστ’
325 3705 389 3772 οὐκ
412 3696 457 3771 a'u
478 3699 546 3794 εἴν),
573 3703 606 3770 ec’
630 3697 678 3795 pp
700 3698 761 3792 τήν
776 3699 871 3769 Ἴσον
892 3696 1005 3777 οὕτως
1027 3694 1112 3788 εἴρι-

101 3816 143 3878 oi.
158 3816 335 3879 Groakurd.
355 3815 405 3878 ad.
420 3816 452 3878 Ιι.
466 3816 488 3877 Ι.
503 3833 584 3878 vera.
598 3815 701 3879 Strab.
717 3815 790 3892 eii,
805 3836 837 3897 p.
852 3813 923 3877 154.
959 3814 996 3876 0.
1012 3813 1114 3874 Muci·
1197 3812 1218 3877 ι’
1237 3856 1244 3871 .

82 3942 116 4001 ιι,
136 3926 259 3989 ratione
279 3925 471 4007 ninguiarum
493 3925 577 3987 iuter
598 3925 694 3987 urben
715 3925 865 3986 Boeotiae
887 3923 1113 3984 dimensionum
1213 3968 1219 3985 .
1249 3928 1256 4011 j

82 4031 253 4114 anagrapine
272 4032 479 4095 iudicatarum
500 4032 625 4109 habita,
645 4032 741 4094 talem
761 4031 937 4093 latitudiuis
958 4036 992 4090 et
1012 4028 1114 4106 inuigi-

82 4140 137 4201 iuia
165 4140 316 4202 Boeotiae
343 4140 610 4221 eomputationem
630 4138 756 4212 effecit,
784 4144 819 4198 ni
839 4136 886 4196 iiii
909 4132 971 4217 (nir
993 4135 1113 4196 Anthe-

83 4266 101 4308 e
116 4266 216 4326 unque
229 4245 268 4308 ad
284 4246 423 4308 Thisben
431 4243 473 4331 i)
495 4245 630 4308 ducenta
643 4246 851 4328 aeptuaginin‚
864 4243 939 4304 huie
954 4241 997 4328 (a
1011 4242 1112 4304 Chae·

82 4374 115 4416 ea
137 4356 211 4417 inde
232 4355 272 4417 ad
294 4355 459 4438 Oropum)
482 4357 653 4436 quingente
673 4353 774 4416 stadia
795 4353 970 4431 assignarat
990 4356 1023 4411 et
1045 4351 1112 4430 pia·

82 4483 126 4524 em
142 4465 324 4544 provinciae
345 4482 385 4526 ex
406 4465 532 4545 optimis
552 4464 678 4544 meppia
698 4461 922 4544 geographioia
935 4459 1007 4525 iere
1022 4459 1112 4538 quin·

82 4573 165 4651 giutn
186 4579 258 4633 neto
280 4569 428 4634 milliaria
447 4570 609 4650 quadrata,
633 4589 765 4650 quorum
788 4575 889 4629 iumen
912 4566 1015 4646 aliqua
1037 4583 1111 4646 para

84 4682 105 4758 i,
120 4679 258 4758 lacubus,
269 4681 350 4744 anxia
365 4687 425 4741 eto.
439 4677 643 4742 condonanda
661 4687 754 4754 esaei,
770 4678 933 4739 continere
947 4678 1108 4736 otaiueret.
1202 4762 1206 4769 Ι

1137 4870 1169 4977 ι.
