2610 5228
67 911 180 973 lsutus
200 927 261 993 pes
277 908 445 973 Guseeletu
466 910 540 972 uliun
560 911 697 992 vulgae,
716 913 800 974 sieut
819 914 914 975 etism
935 912 977 976 ‹le
994 917 1159 981 sultetlnne

65 1020 162 1102 pilari
182 1025 215 1081 st
234 1019 277 1081 de
299 1018 433 1081 (liversis
453 1022 657 1101 sympuulsuis
676 1019 791 1083 sitibus
811 1023 849 1083 sb
864 1021 1027 1085 Atheuseu
1046 1024 1160 1085 eltutus

64 1132 124 1190 est.
163 1127 223 1190 llls
243 1134 348 1189 sutem
370 1126 413 1188 de
439 1128 554 1190 ritibus
582 1130 676 1190 etism
704 1129 736 1190 iu
767 1128 898 1190 sehullis
917 1130 1172 1210 Aristophsueis·

62 1243 325 1298 commemoratus
345 1241 413 1311 est,
443 1253 525 1315 quue
546 1234 656 1297 euclem
683 1237 754 1319 ejus
774 1237 962 1298 sententium
992 1236 1032 1297 ue
1052 1237 1160 1298 suollls

63 1345 235 1406 nenurlse
255 1345 410 1425 produnt,
433 1364 525 1426 quum
545 1349 731 1409 sententium
753 1366 832 1428 pree
852 1347 922 1408 eliis
943 1349 1073 1408 Artemo
1090 1347 1159 1425 qul·

62 1450 131 1513 ulnus
162 1460 196 1514 et
217 1453 403 1516 Plutarchus
434 1455 690 1537 npprnbsseruut
720 1462 753 1517 et
773 1457 954 1536 cumplures
974 1453 1160 1534 leulgrepltl

62 1566 95 1621 et
113 1560 303 1624 eeltuilustse
317 1564 470 1625 Platonici
493 1571 526 1625 et
546 1565 694 1626 Luuinuel
716 1565 926 1645 exsculpsere.
959 1562 1007 1624 ne
1019 1558 1160 1623 ssltntlu·

61 1669 109 1730 nis
128 1688 231 1750 purru
251 1690 387 1752 genere,
416 1672 501 1753 quud
523 1672 593 1735 llell
621 1675 767 1735 usitetum
798 1678 831 1733 et
856 1660 1007 1754 γεράνου
1033 1670 1160 1729 uumlue

61 1778 241 1857 pneditum
250 1779 342 1858 luit,
362 1781 549 1843 Plutsrehue
564 1781 791 1843 Dieuenrelsum
806 1780 962 1861 sllegsvit.
994 1777 1159 1839 liuentem

63 1883 248 1949 illesenrelul
268 1893 444 1966 sententie,
466 1909 557 1970 quem
579 1890 768 1953 Aristoteles
790 1906 917 1968 unoque
938 1885 1085 1947 habuisse
1106 1903 1160 1946 re·

62 1991 163 2055 lentus
184 2000 219 2057 et
239 2016 300 2076 qus
315 2000 463 2060 Arionem
485 2000 639 2080 eyelleum
660 2000 793 2061 ulturum
814 1994 1160 2059 lustltuisseeuistirns-

63 2102 120 2178 uit,
140 2120 161 2162 n
179 2099 326 2183 plurimis
353 2115 495 2167 veterum
523 2109 731 2188 seriptumm,
760 2113 797 2169 ut
817 2106 961 2185 videtur,
982 2102 1160 2164 eullnuelnts

64 2214 94 2268 et
111 2210 239 2291 sseplus
259 2221 504 2275 euunmemurstu
525 2222 583 2274 est.
626 2218 820 2295 Argumeutn
839 2214 1015 2274 lsbulurum
1036 2211 1161 2292 lupinu-

65 2315 115 2377 ells
145 2323 182 2378 et
205 2318 372 2398 Euripidis
391 2320 506 2381 Sextus
534 2322 717 2399 limpluiuus
743 2321 895 2381 ludienvlt
923 2339 940 2378 s
966 2317 1161 2380 Illuseurelsn

65 2425 257 2505 tenpuslts,
286 2426 428 2504 ullusque
459 2425 606 2504 quasdem
635 2433 668 2488 et
696 2425 737 2488 ‹le
764 2426 861 2487 rebus
893 2425 1074 2486 drumntlels
1093 2423 1163 2485 uni·
1242 2438 1245 2442 ’

10 2542 13 2603 l
65 2533 159 2594 vensis
182 2537 216 2589 et
238 2527 280 2590 ‹le
301 2531 456 2593 nonnullis
477 2532 658 2613 Sophoclis,
689 2533 856 2616 Euripidis
886 2541 920 2595 et
940 2532 1163 2614 Arlstuphsuis
1259 2608 1270 2631 Ὦ

65 2641 172 2705 lulnlls
195 2640 431 2702 ulsemtluues
451 2648 484 2702 et
505 2656 613 2703 eurum
624 2647 819 2724 Argumeuts
841 2649 874 2703 et
895 2640 1085 2705 Plutnrehus
1105 2660 1161 2707 en·

17 2726 22 2739 ⁸
64 2748 178 2815 llleut.
220 2749 408 2829 Complures
437 2748 552 2812 deiude
575 2752 645 2833 ejus
666 2751 952 2814 animaduersiones
980 2748 1020 2811 ele
1041 2751 1161 2831 Pylius·

64 2878 156 2941 gum
174 2862 256 2937 niu,
289 2860 331 2922 de
352 2861 490 2923 l’lstuuls
520 2860 731 2923 uloleseeutls
759 2862 924 2923 literarum
952 2858 1065 2921 studiis
1092 2861 1160 2939 pri·

61 2970 181 3049 ulsque
202 2969 272 3051 ejus
298 2969 428 3048 seriptis
456 2975 490 3029 et
510 2969 633 3048 nliqnut
652 2969 835 3050 discipulis,
866 2971 951 3030 sieut
972 2967 1014 3028 de
1034 2974 1160 3047 septem
1280 2958 1282 2963 ’

62 3094 140 3156 quus
160 3076 308 3138 dixerunt
329 3078 517 3157 sapientium
539 3084 697 3138 momento
712 3085 746 3137 et
758 3079 836 3138 viris
849 3077 934 3138 hune
948 3078 980 3136 lu
995 3062 1160 3136 uumeruui

58 3184 239 3247 referendis
259 3203 277 3246 ι
298 3187 438 3267 lllugeue
458 3186 603 3261 laertio,
624 3184 805 3266 Porphyrlu
827 3192 861 3246 st
883 3185 988 3245 Gelllu
1016 3183 1160 3264 prolutus

60 3296 92 3354 el
113 3294 230 3373 purtim
251 3312 269 3354 u
288 3292 469 3374 Porphyulu
491 3298 525 3353 et
545 3293 718 3367 cicerone,
741 3310 926 3370 quemquem
946 3293 1008 3352 lnue
1023 3294 1161 3355 sueturl·

60 3405 157 3462 tutem
180 3420 241 3463 unu
262 3402 459 3476 nominante,
480 3396 707 3478 eumprubntue
727 3404 809 3459 suut.
839 3398 874 3459 lu
889 3399 929 3458 ils
943 3404 1058 3472 eutem,
1081 3418 1162 3479 quse

62 3506 104 3570 tle
133 3509 331 3591 reipubliuse
358 3509 461 3570 forme
487 3508 633 3568 universe
664 3511 698 3568 et
727 3505 768 3568 tle
795 3506 974 3569 eivitstilnns
1003 3506 1162 3570 nonnullis

61 3616 193 3699 siugulis
213 3625 422 3701 enpusuerst,
443 3617 569 3699 Polybil
589 3635 773 3680 eonsensum
794 3618 1005 3682 etcleeruuls
1024 3618 1160 3691 eulmin-

61 3725 182 3788 tiuuem
212 3728 357 3808 suceplt,
391 3731 487 3806 etque
519 3726 655 3789 elvitstie
685 3726 788 3789 forms
824 3747 863 3791 ex
896 3728 1000 3791 tribus
1031 3728 1160 3793 ennumls

62 3834 232 3915 principlls
262 3840 455 3917 temperata,
482 3840 519 3896 ut
545 3835 686 3897 0snuuus
712 3855 784 3898 enus
809 3856 922 3919 magun
947 3838 1017 3899 seri
1048 3839 1159 3917 speeie

61 3942 240 4021 susplestu
260 3948 326 4020 est,
353 3944 393 4006 uls
426 3963 466 4005 eu
493 3930 593 4025 γένος
618 3936 858 4026 δικαιαρχικόν
885 3947 1077 4008 unmluutum
1101 3951 1159 4006 est.

62 4044 196 4111 Linum
222 4049 266 4113 tie
293 4050 421 4113 elsltute
448 4051 604 4132 Spuutunn
634 4054 728 4114 etium
758 4052 812 4115 diu
832 4059 906 4135 pust
934 4054 1003 4136 ejus
1024 4057 1160 4113 mortem
1268 4088 1271 4093 -

61 4153 197 4237 Sustine
227 4156 399 4239 quotenuis'
419 4158 548 4241 publice
574 4160 741 4223 recitatum
762 4160 860 4225 luisse
877 4164 944 4246 jum
964 4160 1039 4222 nllbl
1061 4156 1159 4220 uduo-

62 4269 164 4327 tstum
184 4272 241 4329 est
272 4267 306 4329 lu
327 4287 381 4345 eu,
405 4267 489 4350 quud
504 4268 727 4352 philosophum
740 4271 838 4333 rebus
852 4266 989 4351 publicis
1002 4268 1158 4330 interesse

63 4370 185 4436 debere
216 4375 419 4452 existimavit,
453 4375 568 4438 Cicero
607 4378 845 4452 assentientem,
882 4377 1006 4438 Atticus
1036 4384 1158 4458 eutem,

63 4501 251 4563 quemquem
280 4483 356 4545 elius
383 4484 609 4546 Dicueureluuuu
639 4486 770 4565 plurimi
796 4484 892 4561 feeit,
921 4484 1157 4549 dissentientem

63 4586 174 4653 hebuit
203 4594 399 4654 seutentiam.
446 4591 625 4674 Explicetiu
651 4593 811 4655 nominum
833 4581 973 4675 πάτρα,
1002 4593 1157 4676 φρατρία

64 4704 97 4759 et
116 4688 212 4787 φυλή
233 4700 367 4781 nllqunm
388 4699 497 4763 sellem
517 4706 641 4783 purtem
670 4700 869 4784 osupum
891 4702 1063 4783 Bysuntluu
1089 4715 1157 4761 ser-
