2610 5228
76 35 1234 369 *a

975 685 987 715 Ι

468 715 814 807 ...qq-.-

99 909 239 992 dsniqne
258 927 342 992 quse
357 908 545 973 lilcsesrclrl
564 909 690 972 nomine
709 907 894 990 superstitis
913 913 947 971 et
966 907 1091 971 nonnisi
1111 925 1188 989 pro·

99 1018 246 1085 bshlilter
265 1017 305 1080 sd
325 1014 414 1084 Bion
434 1016 604 1081 relereuds
623 1023 696 1081 suut
723 1017 894 1080 collocabo.
941 1015 1033 1095 Quod
1061 1014 1102 1077 sd
1130 1033 1189 1097 po·

102 1128 211 1191 smemi
229 1128 358 1209 generis
376 1126 569 1209 menta,
604 1128 685 1229 ratio
715 1145 807 1207 qnam
835 1127 995 1189 lustitusm
1022 1142 1062 1186 eo
1087 1124 1191 1186 minus

102 1235 269 1299 marris
289 1252 359 1297 esse
379 1234 566 1316 sppsrehit,
594 1234 622 1296 sl
642 1240 858 1316 argumentum
880 1251 989 1294 eorum
1010 1230 1191 1293 considers·

102 1343 187 1406 lsltur
204 1341 306 1423 idque
333 1343 479 1424 inprimis
507 1343 716 1424 respicietur,
753 1340 849 1425 quod
864 1335 953 1416 Bioq
982 1340 1191 1421 praecipuum

101 1449 287 1514 Dicaearchi
307 1469 388 1532 opus
408 1452 529 1514 exstitit
549 1458 583 1512 et
603 1450 704 1531 quod,
731 1451 758 1513 si
778 1448 831 1512 inlc
852 1450 993 1531 scriptor
1012 1448 1045 1509 ln
1067 1435 1193 1509 unirer-

100 1575 169 1623 sam
190 1558 317 1636 citatur,
339 1558 381 1620 de
393 1559 449 1622 iilo
463 1577 564 1642 opere
578 1559 720 1641 cogitare
734 1577 825 1638 quam
838 1562 970 1618 msrlme
983 1573 1119 1637 pronum
1133 1559 1191 1616 est.

183 1667 358 1747 Antequam
380 1673 483 1729 sutem
503 1666 544 1729 sd
564 1667 635 1747 ipss
655 1665 830 1749 fragments
851 1663 1030 1727 exhibenda
1057 1659 1193 1731 sccedse

101 1791 187 1851 saus,
221 1777 391 1838 sententias
412 1775 545 1854 0ssunl,
579 1776 709 1854 Nselsii,
746 1774 863 1839 liisrrll
889 1780 923 1835 et
942 1773 1121 1836 Buttmannl
1148 1770 1192 1835 de

103 1881 310 1964 dispositione
330 1890 365 1947 ct
390 1885 588 1966 expositione
607 1878 698 1951 Βίου
726 1883 900 1947 secundum
926 1881 1066 1964 singulos
1091 1879 1194 1943 libros

102 1989 198 2053 serbo
219 1997 380 2072 tangamus
400 2011 530 2056 necesse
551 2000 609 2057 est
659 1993 796 2056 Primam
825 1991 895 2074 ejus
923 1991 973 2053 rel
1000 1988 1192 2051 mentionem

101 2095 242 2161 ilsrxlus
260 2096 357 2176 iecit,
378 2103 606 2163 sccuratiorem
627 2100 743 2164 deinde
764 2101 833 2183 ejus
854 2096 1084 2179 expositionem
1103 2096 1194 2158 liutt-

102 2207 212 2268 msnno
233 2210 267 2267 et
286 2224 366 2288 prae
388 2209 529 2271 omnihus
547 2207 670 2271 Nsekio
692 2207 862 2283 debemus,
883 2223 964 2285 quse
984 2202 1096 2265 eadem
1116 2220 1194 2265 non·

102 2313 195 2375 uullls
215 2320 320 2375 tamen
340 2316 514 2377 rationibus
534 2318 696 2377 immutata
716 2315 753 2375 ais
768 2315 892 2374 0sanno
912 2313 958 2373 its
977 2309 1116 2372 indicsts
1135 2313 1195 2371 esi.

101 2417 245 2482 Primum
264 2420 380 2482 librum
399 2421 563 2483 historiam
585 2422 738 2483 Graeciae
759 2421 949 2481 continuisse
971 2417 1143 2499 conjiciunt
1160 2422 1197 2478 ut

101 2529 229 2605 partem
250 2525 283 2586 in
305 2531 404 2589 totum
427 2546 506 2607 opus
526 2527 795 2603 introducentem,
824 2527 917 2606 eique
937 2500 1098 2587 universas
1118 2540 1197 2604 geo-

103 2632 252 2713 graphici
286 2635 463 2713 argumenti
495 2635 725 2714 expositiones,
759 2636 841 2697 sicut
872 2634 912 2695 de
949 2635 1073 2695 rstione
1109 2632 1195 2693 inter

105 2737 268 2801 Graeciam
291 2749 325 2801 et
345 2748 482 2803 ceteram
504 2751 621 2803 terram
643 2741 881 2819 intercedente,
902 2740 1066 2823 adjunctas
1086 2741 1193 2803 luisse.
1266 2754 1269 2759 '

105 2843 135 2907 ln
155 2847 296 2909 secundo
318 2847 433 2910 deinde
453 2849 535 2911 libro
553 2849 799 2931 descriptionem
814 2852 975 2912 civitatum
990 2850 1193 2924 Graecarum,

107 2953 212 3033 quales
232 2959 370 3019 auctoris
391 2963 493 3018 setste
515 2959 727 3035 exstitissent,
759 2958 1019 3039 comprehensam
1040 2956 1138 3018 inisse
1160 2956 1193 3017 iu

106 3079 206 3141 eoque
227 3063 364 3144 singulas
384 3059 554 3137 πολιτείας
579 3068 702 3128 ratione
723 3086 816 3146 quam
836 3067 1028 3147 investigere
1048 3084 1109 3127 uon
1125 3064 1195 3146 jam

107 3166 217 3231 liceret
238 3170 401 3233 observatu
414 3191 449 3233 se
464 3172 615 3254 deinceps
630 3177 804 3254 excepisse.
831 3175 975 3234 'l'ertium
991 3191 1066 3232 vero
1079 3172 1196 3231 librum

107 3277 196 3339 sitam
219 3277 419 3340 domesticum
436 3280 630 3343 Graecorum
652 3301 722 3342 cnm
742 3282 867 3341 theatro
882 3279 1087 3357 omnibusque
1100 3278 1196 3339 rebus

108 3383 199 3447 adid
222 3388 472 3465 pertinentibus,
505 3387 588 3448 ludis
617 3387 753 3466 puhlicis
778 3386 1005 3465 religionisque
1031 3385 1116 3446 cultu
1140 3384 1196 3444 de·

88 3494 272 3574 scripsisse
302 3504 335 3555 et
355 3497 387 3556 in
408 3494 578 3573 singularia
598 3496 714 3555 iterum
736 3495 841 3573 espits
862 3493 1070 3572 singularibus
1097 3493 1197 3555 titulis

110 3600 253 3681 praedita
282 3599 414 3661 divisum
449 3599 556 3660 luisse.
613 3600 731 3660 Contra
753 3586 846 3660 hanc
881 3601 1080 3680 opinionem,
1115 3620 1197 3682 quse

111 3708 218 3769 eadem
247 3709 391 3768 universa
420 3709 555 3768 omnium
585 3727 663 3787 qnos
693 3706 757 3767 dixi
779 3708 917 3769 uirorum
940 3707 1103 3771 doctorum
1125 3728 1197 3773 seu·

111 3819 206 3880 tertia
227 3823 293 3891 eat,
314 3836 412 3895 panes
433 3816 644 3878 tarrtummodo
667 3836 795 3877 monere
816 3816 968 3880 hocloco
983 3819 1083 3901 juvat.
1117 3818 1197 3883 Veri

114 3923 236 4002 quidem
257 3926 360 3987 simile
382 3933 446 4000 est,
477 3944 556 4004 quse
578 3926 787 3986 Dicaearchus
809 3925 848 3986 sle
870 3902 1042 4005 antiquiori
1064 3929 1197 3989 historin

114 4028 232 4092 (irseca
259 4035 406 4111 esposuit
438 4052 581 4112 quaeque
608 4033 691 4112 apud
721 4034 931 4114 Porphyrium
961 4043 994 4095 et
1024 4035 1197 4095 Vnrrouem

112 4141 330 4220 reperiuntur,
365 4140 397 4200 in
424 4141 529 4221 primo
558 4140 639 4200 lihro
671 4141 771 4201 locum
800 4141 963 4215 hahuisse,
996 4159 1097 4217 eaque
1129 4158 1197 4200 crum

113 4247 292 4328 coniectura
314 4250 407 4309 etism
430 4269 483 4322 ea,
515 4268 594 4327 qnae
616 4269 654 4311 er
676 4249 860 4310 Dicaearchi
881 4244 958 4325 Βίῳ
988 4246 1028 4306 de
1049 4248 1198 4328 tetrapoii

112 4351 224 4416 liorics
244 4355 330 4435 apud
345 4357 538 4436 Stephanum
555 4357 755 4435 Byzantiorum
770 4356 962 4427 referuntur,
985 4356 1101 4432 optime
1123 4375 1198 4416 con·

111 4474 235 4542 gruunt.
277 4465 339 4527 Sed
364 4484 401 4524 er
423 4465 534 4524 eodem
558 4471 725 4545 praeterea
752 4463 854 4541 primo
876 4461 957 4521 libro
980 4467 1134 4543 expositio
1158 4465 1198 4525 de

113 4569 295 4646 (ihuidseis,
330 4571 412 4630 sicut
442 4572 535 4631 etiam
563 4572 675 4631 relatio
713 4569 753 4629 de
784 4568 1013 4630 Sesonchosisle
1041 4572 1198 4649 simulque

114 4677 255 4743 delinitio
282 4678 506 4759 chronologica
535 4679 695 4759 allegatur.
746 4676 794 4738 Ex
821 4678 959 4739 secnuslo
989 4698 1087 4759 porro
1114 4678 1198 4740 llhro
