2610 5228
415 811 788 885 *213*-

52 996 119 1068 aeu'
143 1004 236 1067 etiam
267 1002 309 1067 uie
336 1005 503 1083 enaritate,
540 1025 602 1087 qna
629 1004 737 1070 Rhodi
766 1011 926 1070 vcraautea
953 1007 1149 1089 fruerentur,

52 1112 153 1175 verba
181 1110 304 1175 herent
356 1113 553 1199 Quanquam*
567 1116 650 1178 euim
680 1116 815 1198 cogitari
849 1121 976 1197 portet,
1006 1114 1149 1199 jucunda

56 1219 323 1303 praecedeutihua
342 1222 449 1285 verhia
467 1224 611 1304 erpoaiia
630 1230 684 1286 aut
704 1243 723 1285 a
744 1225 840 1305 poeta
860 1224 984 1287 cilentio
1005 1230 1150 1306 practer·

56 1328 150 1391 nlaaa
168 1328 285 1407 iuiaac,
306 1331 427 1411 qqupe
448 1332 503 1411 qui
523 1331 598 1395 aatie
618 1334 745 1413 cognita
759 1330 925 1415 judicaret
944 1338 1041 1412 atque
1061 1332 1150 1413 priu-

56 1436 125 1517 cipi
138 1437 270 1500 coneilio
283 1444 462 1501 moveretur
472 1438 587 1501 Rhodo
601 1438 772 1502 irridendi:
793 1439 1032 1503 concedendum
1044 1444 1151 1501 tamen

55 1545 126 1606 aine
148 1543 244 1608 dubio
272 1547 473 1625 extenuavit,
506 1547 605 1610 multo
634 1547 858 1630 elegantiorem
888 1567 1052 1611 evasurum
1080 1565 1151 1608 caao

54 1650 162 1716 iocum
182 1655 305 1718 ratione
319 1656 531 1741 Jucunoitrtia
553 1674 680 1737 quoque
701 1656 804 1736 aiiqua
817 1657 933 1720 hahita
962 1644 1018 1717 Τιὶ
1030 1641 1149 1744 μεγάλ’

56 1766 178 1839 autem,
214 1761 299 1844 quod
321 1765 389 1847 jam
417 1784 436 1827 a
457 1762 594 1828 Graevio
619 1767 758 1845 quamvia
777 1767 811 1827 iu
831 1764 1000 1827 verborum
1019 1762 1152 1846 coujun-

57 1870 165 1932 ctione
186 1873 343 1953 explicatu
364 1873 553 1937 difficillima
573 1854 772 1956 proponitum
791 1873 892 1937 inimo
911 1872 1061 1951 vidimuu,
1081 1890 1153 1934 eam

58 1977 99 2040 oh
121 1996 246 2043 canaam
266 1982 405 2045 Naokiuu
424 1986 535 2047 atatuit
554 1984 588 2046 in
608 1969 762 2073 μεγάλην
792 1983 924 2060 abhuc,
960 1978 1046 2061 quoti
1074 1998 1152 2061 apo·

58 2088 209 2169 atrophua
228 2108 290 2153 uon
311 2090 534 2155 observaretur
556 2095 610 2152 ant
640 2089 725 2170 quod
755 2109 794 2154 ex
821 2085 937 2152 nicam
959 2078 1006 2149 τά
1032 2086 1153 2149 iactum
1217 2128 1223 2147 .

57 2191 170 2257 iuimet
190 2194 344 2272 αλιειτα,
371 2200 418 2261 ita
438 2204 474 2260 ut
493 2199 670 2279 aimpiiciua
689 2216 760 2259 erae
778 2195 944 2258 videretur
963 2193 1154 2281 adjectivum

57 2303 100 2365 ad
122 2298 252 2390 σχολήν
274 2306 360 2386 quoi
379 2313 570 2388 sequeretur
589 2308 794 2388 grammatice
815 2304 1063 2368 accommodare.
1092 2301 1154 2366 (ie-

55 2416 166 2473 terum
186 2412 402 2475 Carauhonnm
432 2414 474 2475 de
501 2419 610 2477 uortro
638 2416 721 2476 omni
741 2415 813 2477 ioco
833 2415 1008 2476 universam
1029 2416 1154 2475 acuteu·

56 2520 138 2580 tiam
158 2504 234 2583 aatia¹
253 2526 374 2583 rectam
392 2523 541 2586 hahuiaae
562 2521 723 2586 couiearua
744 2528 793 2587 ert
806 2540 901 2604 quum
914 2518 1154 2585 reacriheoiium

57 2641 186 2688 veroum
206 2629 252 2691 ita
279 2635 519 2723 proponeretro
534 2621 578 2693 τὰ
608 2620 676 2714 γὰρ
705 2624 832 2699 ‘Allata'
860 2627 900 2720 μ’
928 2621 972 2702 aie
1001 2620 1155 2718 μιγάλγν

59 2723 191 2822 σχολὴν
212 2726 307 2817 ἄγει,
344 2756 438 2818 quem
465 2739 499 2802 in
524 2758 649 2802 aeneum
670 2740 838 2805 Huiaouua
860 2757 988 2821 quoque
1007 2755 1155 2802 aermouc

59 2840 156 2905 latino
176 2843 330 2907 reddidit.
362 2845 550 2910 Rectiaaimc
570 2848 656 2913 hiem
676 2849 815 2912 Naekiua
835 2848 980 2912 Rhodion
998 2848 1060 2911 hoc
1081 2848 1155 2909 ioco

61 2956 235 3032 propterea
254 2951 386 3016 irrideri
405 2957 532 3033 statuit,
569 2955 655 3038 quoti
679 2958 777 3020 nimio
797 2944 880 3020 Solio
900 2956 1028 3019 coiendi
1048 2953 1157 3017 munio

62 3056 150 3121 ducti
172 3078 377 3142 quaecuuque
398 3064 490 3127 ohvia
511 3072 617 3128 eeaent
637 3086 656 3127 a
675 3066 742 3128 aoie
761 3071 950 3146 repeterent
965 3070 1061 3143 atque
1074 3079 1155 3124 voco

62 3155 210 3231 ὁλιακόν
230 3169 281 3231 vei
300 3172 395 3234 simili
415 3173 509 3235 ruodo
530 3174 739 3253 appellarent.
776 3174 846 3235 Qua
866 3173 899 3231 in
919 3189 957 3231 re
978 3170 1072 3231 etiam
1092 3168 1156 3229 lio·
1222 3172 1253 3213 Γ

61 3276 191 3341 riamuru
211 3280 522 3343 animadvertendum
543 3301 631 3358 eoae,
660 3275 794 3354 ἁλιιια,
827 3276 931 3339 neon
951 3277 1054 3338 iorma
1072 3277 1157 3337 inter

62 3384 224 3468 vulgarem
250 3382 360 3458 ἡλιεῖα
389 3394 423 3448 ct
443 3385 637 3448 Rhodiarum
668 3376 767 3447 ἆλεια
798 3382 924 3464 prolata
951 3388 985 3442 et
1010 3374 1158 3443 ἀλιακόν

61 3493 113 3557 hia
134 3493 287 3576 deinceps
307 3499 479 3575 usurpato:
514 3494 567 3555 cui
595 3493 698 3555 aimiie
725 3491 803 3553 iliud
830 3488 903 3551 iore
924 3488 1064 3551 Naekiua
1084 3506 1159 3552 cen-

62 3604 147 3681 auit,
180 3605 210 3667 ai
236 3605 307 3685 quia
333 3584 500 3666 vernacula
520 3601 626 3686 lingua
647 3602 697 3664 vei
719 3601 788 3685 cJua
809 3598 941 3680 quadarn
962 3596 1070 3681 potina
1091 3595 1159 3661 dia·
1227 3612 1237 3633 ⁸

62 3712 151 3775 lecto
182 3710 364 3794 proferret:
405 3711 560 3792 Quone,
594 3707 736 3794 iunniq.
789 3700 917 3774 Ἁλίεια
951 3713 1056 3771 autem
1091 3708 1159 3771 aive

60 3814 214 3896 Ἀλιιῖα,
250 3819 407 3902 quomodo
436 3820 590 3901 piurimoa
617 3819 703 3882 viros
726 3816 836 3880 doctor
858 3816 1041 3881 emendatae
1061 3815 1160 3880 adno-

64 3929 215 4006 mvi-na,
246 3929 322 4007 ratic
342 3927 546 4009 comprobata
567 3946 636 3990 eree
656 3926 735 3989 dicit
754 3926 834 3989 iooia
855 3926 1010 3990 Athenaei
1035 3925 1058 3986 1.
1078 3924 1161 3997 xlii,

67 4052 103 4116 p.
121 4032 194 4097 uui.
216 4055 261 4113 e.‚
292 4035 442 4098 Ariatidir
461 4033 565 4097 Rhod.
586 4034 698 4112 voi.1‚
720 4034 771 4096 ed.
794 4033 885 4096 nino.
906 4053 937 4114 p.
957 4029 1022 4091 8118
1042 4036 1076 4091 et
1095 4030 1161 4091 iiu-

66 4142 177 4215 aiathii
196 4144 231 4206 in
251 4143 361 4226 Oinoa
382 4144 441 4221 Vi,
461 4143 534 4205 2116.
556 4164 587 4226 p.
607 4141 696 4205 15⁰2.
740 4140 833 4222 Quod
855 4139 894 4201 ad
916 4136 1045 4200 dicendi
1064 4136 1165 4198 ratio·

65 4268 142 4317 lu
163 4254 275 4343 attinet
296 4249 344 4326 εἰς
361 4241 492 4339 σχολὴν
506 4243 614 4335 α’γιιν,
634 4250 827 4315 conferenda
841 4244 885 4320 εἰς
900 4237 1040 4329 δάκρυα
1055 4235 1161 4327 ἄγειν,

68 4354 265 4434 electrina
287 4352 382 4442 ἄγειν
403 4367 437 4422 et
457 4362 570 4423 similia
590 4361 768 4442 propoanit.
807 4348 915 4441 σχολή
944 4372 1020 4416 vero
1049 4354 1163 4416 rectia-

67 4470 154 4534 oime
169 4470 290 4532 monuit
310 4470 349 4530 ah
369 4470 440 4550 ipro
461 4468 655 4531 Dicaearcho
676 4470 709 4530 in
730 4464 864 4529 eundem
885 4481 1009 4527 aeneum
1030 4479 1164 4543 umrpa·

67 4582 137 4641 tum
158 4596 240 4657 eoae,
262 4599 323 4660 qno
337 4578 497 4660 Lysippua
518 4596 556 4639 ea
575 4579 654 4638 vo'ce
676 4593 749 4637 uana
771 4578 868 4636 earet:
889 4571 1061 4654 significari
1080 4569 1164 4632 enim

69 4684 297 4762 dimicatum,
316 4687 443 4766 iactum,
463 4686 545 4749 aiout
565 4684 650 4767 apud
664 4681 907 4764 Aristophanem
930 4697 1057 4761 quoque
1070 4678 1166 4738 fleret

66 4792 266 4880 Thermoph
287 4813 315 4860 r.
335 4794 398 4861 m
425 4788 608 4879 ἐκκλησίαν
634 4796 747 4858 ποιεῖν
771 4780 885 4854 ἕωθεν
907 4784 949 4873 τῇ
970 4777 1058 4870 μέση
1085 4777 1165 4845 Τῶν
