2610 5228
213 766 308 881 ἶ,
417 828 788 930 *365*-

141 1027 338 1111 χρηστῶν
367 1014 521 1108 σφόδρ’
550 1021 639 1088 ἐστὶ
666 1014 1050 1108 Xalair'lo'tip'von
1070 1016 1146 1089 πό·

56 1128 98 1199 λι
107 1148 133 1206 ς.
183 1132 230 1219 lta
257 1150 326 1195 cnm
348 1130 510 1212 Stephano
537 1137 572 1194 et
600 1133 655 1213 qui
678 1150 749 1195 enm
769 1137 895 1195 secutus
917 1139 966 1217 est
981 1130 1148 1197 Meineldo

57 1257 170 1304 veram
190 1239 343 1307 sinendo
358 1238 455 1304 dublo
468 1239 653 1303 scribendus
674 1238 733 1303 est.
775 1238 918 1304 Maurius
937 1241 1030 1302 talem
1051 1242 1148 1306 hebet

55 1352 218 1435 χρηστῶν
238 1338 366 1434 σφόδρ’
397 1342 467 1412 ἐστ’
489 1347 510 1436 φ’
533 1342 666 1423 Χαλκὶς
683 1338 857 1435 Ἑλλήνων
877 1341 998 1423 πόλις,
1027 1349 1148 1413 (laillua

56 1457 220 1539 χρηστῶν
243 1443 373 1537 σφόδρ’
394 1447 475 1517 ἐσθ’
503 1447 523 1533 ἦ
545 1449 674 1529 Χαλκὶς
692 1445 866 1527 Ἐλλῆνων
886 1448 987 1545 πόλις
1007 1461 1040 1518 et
1058 1456 1152 1544 Zost-

56 1559 167 1624 mades
186 1559 310 1623 lruuece
331 1558 516 1643 proterunt:
536 1567 696 1648 χρηστῶν
718 1547 847 1646 σφόδρ’
868 1556 957 1626 ἐστὶν
977 1557 996 1634 ἡ
1017 1557 1150 1639 Χαλκὶς

53 1654 229 1754 Ἐλλήνων
265 1657 368 1741 πόλις
402 1672 504 1731 metro
532 1668 630 1759 plane
657 1673 895 1750 repugnantem.
944 1669 1149 1735 Buttmanuus

58 1794 131 1863 eam
152 1775 266 1839 eodem
286 1777 363 1839 sitio
385 1792 448 1858 quo
468 1774 611 1839 Maurius
631 1775 743 1840 edidit.

143 1875 231 1949 ἀπὸ
253 1879 591 1973 Πελοποννήσου
614 1877 685 1958 τὴν
706 1877 838 1971 ἀρχὴν
860 1876 1016 1960 λοβόν.
1065 1891 1148 1952 Ante

57 1992 145 2056 lianc
170 1997 312 2056 nostrum
332 1993 435 2057 locum
464 1994 496 2056 in
517 1995 588 2075 ipso
609 1993 796 2057 Dicaearchi
827 2012 928 2076 opere
948 1996 1084 2077 genuino
1107 1995 1149 2058 de

59 2099 217 2163 Graeclae
245 2101 398 2182 propriae
425 2101 598 2191 provinciis
624 2107 761 2183 praeter.
776 2102 913 2164 Atticam
933 2109 966 2163 et
986 2102 1149 2165 Boeotiam

56 2204 207 2293 rpllquls‚
236 2207 331 2269 alenti
352 2208 447 2271 etiam
468 2206 510 2271 tls
529 2208 693 2271 Thessalia
713 2208 888 2290 expositum
908 2208 1006 2271 luisse
1028 2207 1149 2272 Gallius

59 2332 124 2377 non
150 2315 220 2377 elue
246 2333 357 2397 magua
383 2317 452 2378 reri
479 2318 590 2398 specie
616 2318 725 2379 statuit
744 2323 898 2397 recteque
919 2315 1150 2390 animaduertit,

59 2437 155 2502 quam
173 2439 285 2503 parum
306 2428 453 2486 accurate
473 2424 570 2486 rerba
590 2412 652 2506 τόν
672 2413 736 2508 μὲν
759 2404 820 2486 οὖν
834 2410 991 2486 Ἑλλάδα
1012 2428 1046 2484 et
1067 2441 1149 2504 queo

54 2534 233 2608 sequuntur
262 2543 332 2591 cum
360 2511 423 2592 οὖν
454 2530 607 2611 particula
627 2531 813 2616 incipientia
833 2547 904 2592 cum
925 2531 982 2608 iis,
1015 2531 1148 2610 quaein

56 2635 183 2700 laciniis
211 2638 327 2700 nostris
348 2646 438 2700 rntea
467 2639 632 2720 leguntur,
663 2639 838 2701 cohaerere
859 2647 1042 2721 appareant.
1083 2639 1148 2701 Ex·

57 2741 242 2825 carptorem
262 2744 361 2826 igitur
380 2745 431 2806 vel
446 2750 624 2827 temporum
644 2745 775 2828 injurias
795 2746 997 2808 criminemur
1018 2765 1149 2809 necesso

58 2856 119 2928 eat,
140 2851 225 2932 quod
246 2870 285 2916 ea
304 2858 483 2915 ceterarum
505 2852 660 2916 Graeciae
683 2854 847 2935 regionum
869 2853 1044 2936 descriptlo
1066 2872 1147 2917 nuuc

60 2956 188 3039 quidem
214 2959 342 3040 penitus
370 2958 587 3022 desideraturi
621 2963 789 3041 postremis
818 2962 900 3025 euim
928 2962 1022 3044 hujus
1051 2938 1148 3025 totius

58 3062 230 3147 negusar!
249 3067 354 3129 verbis
374 3066 510 3129 Graecia
530 3066 571 3128 ad
593 3086 631 3129 ea
651 3087 751 3148 usque
772 3067 853 3146 loca,
874 3087 955 3149 qnae
975 3069 1148 3132 secundum

18 3172 30 3199 ²
55 3168 288 3237 Dicaearchum
302 3172 457 3238 Graeciae
472 3175 621 3236 terminos
635 3175 828 3252 efficiebant,
849 3175 887 3237 rb
901 3172 1149 3257 ipsonlescripta

55 3276 159 3343 talne
185 3281 419 3345 accuratissime
458 3281 614 3345 indicatur
647 3271 706 3353 τὴν
738 3275 889 3368 διργροιν
918 3270 1148 3369 πεποιημένοι

55 3377 313 3476 κατακούομεν
335 3379 397 3452 τόν
410 3377 527 3469 λόγον,
550 3386 664 3468 quibua
677 3389 782 3452 verbis
803 3408 876 3451 num
896 3389 980 3475 libri,
1001 3407 1056 3450 seu
1079 3391 1148 3471 pri·

56 3512 130 3559 rnna
148 3494 248 3560 faerit
267 3515 325 3560 seu
345 3496 520 3575 secundus,
545 3498 666 3576 eritne,
694 3506 729 3561 ut
749 3499 951 3561 Buttmaunus
980 3516 1050 3559 cum
1078 3497 1149 3562 aliis
1189 3482 1193 3489 ¹

25 3686 32 3701 ·
56 3602 137 3667 vus
157 3602 260 3667 doctis
280 3610 478 3682 censuerunt,
486 3603 692 3690 ⁴slgnlticutus
712 3605 754 3668 sit
773 3611 890 3668 memet
913 3603 1058 3667 dubitare
1079 3607 1147 3670 obi·

54 3720 112 3781 ter
131 3715 381 3781 animadvertam.
424 3715 574 3785 ceterum
596 3718 705 3797 quaeri
724 3721 849 3798 potest,
874 3721 980 3779 utrum
1000 3714 1149 3778 llicaear·

25 3806 29 3813 ¹
58 3806 142 3887 chus
159 3829 307 3905 quantum
329 3822 456 3905 quidem
485 3842 525 3885 ex
546 3822 759 3904 oompssatoris
788 3821 933 3902 reliqniis
954 3806 1148 3906 cognoscere

58 3930 157 3995 nicar
174 3931 426 4013 Peloponnesum
447 3928 573 3992 Helladi
595 3928 802 4009 adscripserit
823 3945 862 3988 nn
883 3926 922 3989 alr
943 3944 982 3988 ea
1001 3927 1147 4009 sejunxe-

58 4038 110 4101 rit.
152 4036 203 4100 Ex
222 4036 418 4119 anaffiaplres
433 4035 559 4117 quidem
581 4028 663 4116 quae
682 4039 829 4116 superest
848 4033 949 4109 initio,
971 4050 1147 4112 quenquam

58 4144 178 4207 amala
210 4142 346 4207 lomere
373 4145 528 4207 sententia
562 4141 638 4205 inde
664 4142 772 4224 repeti
801 4141 945 4222 potuerit
970 4138 1012 4201 cl.
1040 4155 1085 4200 rs.
1114 4136 1146 4200 4.

56 4250 132 4314 νννλ
150 4241 334 4339 πεπόνηκα
355 4241 417 4337 τήν
439 4239 585 4315 ἅπασαν
601 4241 753 4314 Ἑλλάδα
774 4256 807 4312 et
826 4266 871 4311 ss.
891 4246 934 4309 14
952 4263 1000 4326 sq.
1021 4232 1146 4332 νόσους

56 4376 95 4422 ee
118 4348 203 4434 τοός
223 4347 394 4432 διόπλονς
413 4376 454 4420 τε
475 4357 537 4420 καὶ
556 4347 726 4444 Λιμένας·
752 4344 776 4415 ό
805 4351 837 4417 τ’
866 4347 956 4416 ἐστὶν
978 4349 1014 4414 ἑν
1038 4346 1144 4414 Πελο-

53 4454 223 4550 ποννήσῳ
243 4458 321 4554 φόνι]
335 4485 363 4530 κ.
375 4486 408 4528 τ.
422 4460 464 4541 λ.,
486 4470 623 4528 nostram
643 4463 765 4525 adrem
786 4459 865 4525 nllril
886 4459 1019 4522 edicere
1033 4459 1146 4536 audeo,

54 4575 133 4657 qula
159 4574 251 4637 istam
280 4592 342 4657 pro
370 4573 523 4634 liberiore
550 4572 681 4633 metrica
709 4569 818 4650 operis
838 4567 1074 4630 Dicaearchiani
1095 4568 1146 4631 vel

48 4683 140 4747 odeo
173 4682 304 4764 exiguae
332 4681 401 4764 elus
429 4681 529 4761 partis
555 4679 741 4742 tractatione
769 4694 870 4756 esque
890 4673 1047 4757 permulto
1067 4693 1144 4737 nou-

43 4788 118 4856 nat
149 4804 296 4857 vanuum
315 4786 544 4871 explendorum
572 4804 665 4851 causa
684 4784 872 4866 interposita
892 4784 1071 4849 continente
1088 4781 1143 4863 Ju-
