2610 5228
419 823 514 835 -
567 766 788 861 uro-'-

58 1002 103 1046 va.
129 980 195 1045 did
227 976 369 1065 θάρσει·
408 969 559 1065 πέφυκεν
587 973 732 1057 ἐσθλός,
767 973 852 1045 ὥστ’
884 979 1004 1066 ἀρκεῖν
1036 977 1151 1066 φίλοις

57 1090 275 1172 compoautaaa
296 1088 407 1151 video:
443 1088 529 1151 aliud
549 1091 633 1151 euim
654 1084 783 1164 ἐσθλός
803 1098 867 1169 eat,
899 1092 986 1155 aliud
1006 1086 1151 1175 ἀγαθός,

60 1197 146 1261 atiud
167 1197 338 1265 indnidvua
357 1198 426 1257 aine
447 1196 603 1277 particula
630 1196 790 1278 adjectua,
825 1199 870 1259 ita
897 1205 932 1261 ut
962 1198 1152 1281 adjectivum

62 1312 98 1369 et
117 1305 287 1369 infinitivua
307 1323 398 1365 unam
418 1304 577 1365 notionem
598 1303 748 1381 eidciant,
769 1304 855 1367 aliud
876 1307 1065 1388 adjectivum
1082 1309 1152 1389 ple·

61 1432 124 1475 nae
148 1412 301 1486 notionis,
337 1417 373 1471 ut
401 1411 528 1487 nobilia,
564 1404 689 1485 ἐσθλός
718 1418 752 1473 et
780 1413 951 1474 infinitivus
980 1434 1041 1494 per
1062 1404 1153 1479 niara

60 1520 244 1602 adjuretur,
283 1537 345 1599 quo
367 1518 486 1599 aliquid
506 1520 701 1601 aiguiiicatur
722 1539 761 1582 ex
782 1520 932 1603 adjectivi
952 1524 1080 1585 notione
1099 1542 1153 1585 re·

60 1629 208 1711 petitum.

146 1740 239 1807 τοῖς
260 1723 486 1818 δεομένοις
508 1740 592 1797 τῶν
612 1730 804 1799 πολιτῶν
826 1739 894 1799 καὶ
924 1745 1017 1813 τοῖς
1046 1753 1153 1800 στει-

49 1836 353 1930 ·χοπλανήταις
380 1843 463 1905 acio
493 1837 824 1932 ἀποδημητικυῖν
854 1842 923 1930 ἀφ’
953 1825 1009 1908 ὦν
1031 1840 1152 1926 ἔχου-

63 1968 131 2013 σιν
152 1945 459 2039 άπαρχόμενοί
477 1970 520 2013 τε
540 1950 614 2013 καὶ
635 1940 866 2036 ἐλευθέρως
896 1945 1154 2037 μεταδιδόν-

63 2074 141 2130 τος.
168 2063 260 2133 τοῖς
282 2050 698 2144 στειχοπλανήταις,
720 2080 779 2141 pro
802 2080 863 2139 qua
875 2061 1000 2141 vulgata
1014 2061 1156 2123 lectione

60 2169 97 2229 iu
116 2164 231 2231 codice
243 2166 451 2228 Hervartiano
472 2168 643 2229 secuudum
658 2169 842 2231 Hudaouum
866 2160 1156 2253 στιχαλανήταις

62 2274 224 2356 prolatum
243 2280 302 2351 eat,
316 2276 384 2356 jam
399 2275 599 2338 casaubonus
620 2284 654 2337 et
666 2276 848 2337 idolateuiua
867 2276 1051 2337 mendorum
1071 2276 1157 2356 rjua-

64 2400 130 2462 quc
150 2382 305 2445 inlocum
326 2383 381 2445 iiia
401 2389 476 2458 τοῖς
496 2377 823 2467 πτωχοπλανήταις,
843 2383 937 2443 hicce
957 2390 1061 2443 autam
1081 2387 1156 2453 τοῖς

63 2481 337 2577 amramitae
359 2490 586 2555 emendandum
608 2510 678 2553 eave
698 2496 898 2551 censuerunt
948 2490 1063 2569 Neque
1082 2491 1158 2553 Par·

62 2600 264 2677 noviomen
284 2600 447 2661 immemor
468 2599 529 2661 fuit
550 2620 605 2661 acu
627 2606 812 2681 corruptum
834 2601 1037 2676 existimavit,
1066 2616 1159 2662 voca·
1209 2674 1212 2679 y

62 2706 174 2771 bulum
194 2708 227 2769 iu
247 2706 371 2769 lexicon
399 2710 526 2789 recepit
553 2716 586 2771 et
613 2709 816 2771 Buttmanoua
837 2711 870 2771 in
891 2702 1158 2795 τειχοπλανήτης

64 2814 316 2877 commutandum
345 2834 414 2879 ease
443 2817 596 2898 conjecit,
631 2836 694 2896 quo
722 2817 816 2877 homo
844 2817 883 2879 ab
912 2817 974 2879 aiio
1002 2815 1043 2877 ad
1073 2814 1159 2879 aliud

65 2924 222 3007 oppidum
242 2926 345 2986 victua
366 2944 459 2986 canoa
479 2926 616 3007 migrans
636 2925 840 2985 iudicaretur.
882 2924 999 2987 Contra
1019 2925 1160 2987 Zorirua-

66 3030 144 3107 dea,
177 3032 337 3110 Mancino,
370 3032 511 3094 Murrina
547 3042 579 3091 ct
614 3030 735 3094 Gailiua
767 3034 985 3110 retinuerunt,
1023 3050 1160 3112 quorum

64 3142 210 3205 Murrina
237 3141 329 3203 rimul
356 3141 477 3220 optime
506 3142 603 3200 tuitus
632 3146 680 3201 eat
707 3140 914 3222 explicando:
949 3142 1023 3220 „dtu
1051 3138 1083 3205 in
1112 3142 1160 3205 brt

65 3249 139 3326 Stra
161 3248 450 3325 berummonoeinoeu
470 3251 518 3312 tet
539 3246 786 3324 duttdnbitrben⁰
808 3254 840 3309 et
861 3248 1105 3323 Dicaearchum,
1124 3252 1161 3308 ut

65 3356 324 3439 Theophrastum
346 3374 472 3435 quoque
494 3356 655 3433 aequalem
678 3362 710 3415 et
731 3357 862 3416 amicum
884 3357 917 3415 iu
937 3354 1045 3415 libello
1060 3354 1162 3433 inpri-

65 3466 129 3527 mia
150 3462 190 3525 de
210 3465 447 3527 characteribus
468 3482 569 3541 aeque
590 3464 709 3539 lacero,
729 3482 785 3524 aua
803 3463 864 3524 ribi
878 3462 1053 3543 peculiaria
1065 3461 1162 3523 verba

66 3579 104 3635 ai
121 3573 298 3653 ringularea
319 3574 474 3635 dictiouca
496 3570 617 3633 habere
632 3571 801 3632 adnotavit.
843 3556 878 3632 lu
899 3578 1037 3650 utroquo
1058 3574 1163 3633 artem

67 3682 231 3763 arripioro
251 3689 344 3745 cauto
370 3689 404 3743 et
432 3681 539 3743 aobric
567 3679 721 3762 agendum
749 3698 819 3741 carc
840 3681 873 3741 iu
893 3680 1049 3743 mutandla
1070 3699 1164 3743 voca·

67 3790 153 3853 dulia
171 3792 260 3853 novin
280 3792 331 3853 vel
352 3808 432 3852 novo
454 3789 547 3853 modo
569 3791 728 3869 usurpatio
748 3791 880 3870 egregie
900 3792 1038 3865 monuitv
1058 3807 1165 3869 neque

69 3896 220 3979 equidem
249 3898 473 3975 dubitaverim,
510 3900 585 3977 quin
616 3887 908 3984 oracxoudavu'vqg
929 3918 991 3979 pro
1011 3918 1090 3961 voce
1109 3899 1164 3959 ni-

70 4007 277 4069 oaearchiaua
292 4007 499 4089 judicandum
526 4008 577 4068 ait
628 4006 721 4084 Quod
751 4025 827 4068 vero
857 4008 1060 4071 Buttmauuua
1088 4026 1164 4067 cuu-

72 4111 261 4197 domnione
281 4118 460 4187 veuaumiu
491 4109 785 4201 στειχοπλανήτης
814 4135 906 4194 quam
933 4116 966 4175 iu
988 4103 1164 4196 πλανήτης

68 4222 210 4303 aimplici
238 4225 341 4287 iocoue
370 4226 496 4301 statuit,
532 4216 821 4310 στειχοπλανήτης
849 4224 1016 4291 fortiorem
1044 4220 1165 4281 habero

70 4332 332 4412 riguiticatiooeua
353 4335 386 4395 iu
406 4340 518 4415 aperto
539 4339 607 4411 ort,
634 4335 716 4395 dicut
738 4352 818 4413 quae
833 4333 901 4413 jaan
915 4332 955 4393 -iu
976 4328 1166 4391 carmiriona

70 4436 251 4505 Homericiv
280 4442 429 4524 leguntur
466 4431 717 4528 στρεφεδινὲω,
756 4430 984 4525 δυσάμμορος
1018 4436 1059 4499 ci.
1087 4436 1165 4501 Luc.

72 4554 195 4627 quaeat·
215 4550 299 4613 lexil.
322 4572 354 4633 p.
375 4550 418 4612 45
434 4572 521 4632 aqu,
543 4570 717 4632 quanquam
740 4567 821 4629 quae
842 4549 886 4609 ihi
909 4547 1082 4609 afferuntur
1103 4564 1166 4607 nou

72 4660 175 4721 omma
203 4668 280 4741 apto
309 4661 402 4723 allata
430 4680 535 4741 noque
555 4664 657 4723 omnia
678 4664 769 4719 recte
790 4655 946 4737 explicata
966 4674 1036 4718 carc
1057 4653 1167 4717 videu-

70 4768 132 4833 tur.
166 4766 255 4835 τῶν
275 4763 635 4859 ἀποδημητικών,
673 4765 1076 4848 cujac-iococaaaroorrr
1095 4758 1168 4825 auio
