2610 5228
10 2293 23 2348 f

426 1534 904 1621 Praelatio.

124 1904 250 1999 Quum
276 1918 358 1987 nihil
390 1920 478 1988 aliud
507 1922 542 1989 in
572 1922 713 1989 animum
740 1924 833 1991 initio
861 1920 1083 2003 induxissem,
1119 1934 1215 2003 quam

120 2038 276 2108 magnum
296 2018 441 2109 pedestri
462 2022 610 2091 oratione
630 2024 850 2111 conscriptum
871 2022 1108 2111 fragmentum,
1130 2014 1217 2103 quod

119 2120 266 2187 inlibris
286 2124 516 2209 manuscriptis
536 2124 684 2191 relictum
712 2133 747 2189 ct
766 2123 965 2190 Dicaearchi
987 2121 1084 2187 Vitae
1106 2117 1217 2184 Grae-

10 2227 37 2248 ·’
120 2221 195 2287 ciae
215 2219 375 2287 vindicari
396 2222 526 2287 solitum
545 2222 620 2307 fnit,
648 2222 691 2289 do
717 2226 850 2311 integro
878 2224 992 2288 critice
1013 2227 1159 2286 tractare
1180 2222 1216 2281 et

10 2333 24 2382 .·
117 2318 333 2403 interpretari
353 2334 395 2381 ac
415 2316 648 2385 dissertatione
668 2330 845 2407 praeterea
864 2318 906 2386 dc
926 2324 999 2404 ejus
1019 2317 1216 2383 armtoritate

10 2433 25 2478 ·.=
114 2418 318 2485 instructum
337 2414 450 2503 edere,
471 2418 535 2484 lroc
555 2424 663 2483 tamen
677 2416 795 2485 deinde
816 2417 983 2485 consilium
1005 2418 1097 2483 omisi
1118 2423 1218 2501 atquc

10 2527 14 2536 '
117 2514 208 2583 adeo
235 2515 284 2581 ita
302 2514 520 2605 amplificavi,
549 2524 584 2583 ut
604 2518 711 2583 omnia
738 2516 894 2583 librorum
914 2513 1215 2583 Dicacureheorum

115 2616 319 2705 fragmenta,
340 2632 425 2701 quae
444 2622 503 2683 aut
517 2620 587 2703 jam
608 2619 650 2684 alr
671 2620 745 2685 aliis
758 2615 904 2683 indicata
925 2624 1039 2683 essent
1060 2623 1117 2681 arat
1137 2614 1215 2681 milri

116 2714 376 2804 scriptoresque
401 2716 466 2783 lruc
486 2720 653 2805 pertinere
674 2715 865 2786 riderentur
886 2718 1073 2806 perlegenti
1095 2732 1215 2781 occur-

116 2817 255 2903 rissent,
276 2832 474 2903 componere
487 2823 522 2885 et
541 2818 629 2884 illius
649 2820 712 2884 tiri
726 2818 881 2885 memoria
900 2816 1084 2905 dignissimi
1105 2811 1215 2880 studia

117 2922 157 2985 et
176 2916 291 2983 literas
305 2914 502 2985 adumbrare
522 2936 672 2985 conarer.
714 2919 812 2985 llanc
831 2925 940 2985 autem
961 2934 1066 2983 meam
1087 2914 1214 3000 qualis-

116 3034 249 3101 cunque
267 3024 321 3086 est
342 3036 474 3105 operam
502 3036 542 3085 eo
563 3018 811 3085 commodiorem
840 3019 949 3083 multis
969 3018 1041 3084 fore
1061 3014 1215 3101 suspira-

117 3116 193 3201 bar,
213 3112 309 3203 quod,
330 3136 426 3203 qrrrrm
447 3118 590 3185 virorum
604 3117 772 3185 doctorum
794 3119 921 3183 arrimos
942 3114 1086 3182 adhunc
1107 3114 1215 3202 p'rile-

116 3215 257 3303 soplrum
276 3218 502 3284 recentissimo
517 3226 663 3305 tempore
684 3216 847 3283 odron-sos
869 3236 947 3283 esse
968 3216 1216 3295 intellexissem,

116 3318 192 3400 ejus
212 3315 439 3403 cognoscendi
459 3323 495 3384 et
515 3319 578 3383 rite
594 3314 763 3403 judicandi
785 3318 907 3381 initium
928 3325 962 3381 et
982 3301 1117 3403 primum
1138 3314 1215 3378 furr-

115 3414 304 3481 damculum
339 3418 599 3507 fragmentorum
634 3418 709 3500 ejus
745 3416 896 3482 collectio
931 3432 1010 3479 esse
1040 3410 1215 3480 ridebatur

115 3532 214 3603 quam
234 3514 306 3583 fieri
326 3523 437 3605 potest
450 3516 710 3583 acccuratissime.
752 3514 923 3601 Ejusmodi
945 3534 1025 3582 uero
1045 3515 1130 3580 libro
1151 3510 1215 3578 ad-

114 3614 184 3683 lmc
211 3632 381 3701 caremus,
407 3618 558 3703 quoniam
586 3619 658 3685 fere
686 3636 801 3685 omnes
823 3616 941 3683 eruditi
963 3616 1128 3699 homones,
1159 3612 1215 3701 qui

117 3716 219 3803 priori
240 3725 388 3804 ternpore
407 3714 450 3783 de
463 3714 671 3786 Dicaearcho
693 3729 847 3807 egerunt,
868 3720 932 3783 tria
945 3715 1214 3784 Dicaearchiana

115 3816 307 3903 fragmenta
336 3818 370 3883 in
400 3816 567 3885 codicibus
587 3821 799 3906 superstition,
835 3837 968 3903 quornm
988 3817 1213 3883 sinceritatem

115 3914 216 3983 ratde
229 3914 360 3983 dubiam
373 3935 451 3985 esse
465 3915 770 4005 demonstrabimus,
791 3916 1004 3985 considerare
1018 3922 1053 3985 ct
1065 3922 1213 3983 tractare

116 4018 201 4083 satis
220 4015 394 4085 duxerunt.
435 4016 511 4087 Una
527 4028 653 4087 tantum
673 4020 931 4105 fragmentorum
952 4018 1088 4107 farrago
1109 4014 1213 4081 abso·

114 4118 187 4183 luta
201 4126 263 4204 est,
284 4118 345 4183 sed
365 4136 407 4184 ea
427 4116 514 4207 apud
527 4140 589 4186 nos
603 4119 788 4185 Germanos
802 4120 900 4207 plane
921 4124 1047 4207 ignota,
1069 4116 1112 4182 ab
1125 4114 1211 4183 ltafo

116 4214 255 4301 quodam
277 4218 340 4284 hoc
361 4218 453 4285 titulo
473 4220 639 4287 instituto:
661 4222 694 4307 „i
714 4220 916 4287 l'rammontl
937 4220 970 4285 di
983 4216 1147 4285 Dircarec
1168 4214 1213 4282 da

114 4316 265 4382 aleos-ino
279 4356 314 4367 -
332 4316 415 4383 ‹loll’
438 4327 603 4387 avvoetttc
627 4324 667 4383 1).
683 4322 843 4385 Calidonia
858 4324 1009 4386 Errcatc.
1047 4318 1210 4385 l'afermc.

115 4416 209 4479 1822.
239 4418 261 4479 2
284 4417 358 4483 roll.
379 4419 432 4481 liei
461 4438 546 4505 quae
567 4420 712 4509 quidem,
740 4428 894 4505 quantum
916 4441 959 4487 ex
979 4418 1211 4508 speciminibus

112 4534 134 4579 a
156 4514 265 4583 Gallio
285 4516 363 4584 inde
384 4521 531 4606 repetitis
553 4520 713 4608 colligere
733 4520 828 4608 licet,
858 4522 944 4587 haurd
972 4524 1083 4609 urogni
1105 4519 1210 4587 aesti-

112 4614 235 4689 tuanda
249 4636 326 4685 esse
342 4617 480 4687 ridetur.
522 4622 600 4689 allia
614 4621 874 4708 fragmentorum
889 4621 987 4689 editio
1008 4623 1051 4688 afr
1065 4626 1210 4708 Arrgmto
