2610 5228
307 722 311 729 ’
423 796 520 812 ω-
571 756 793 842 use-

63 960 217 1022 mienaem
237 956 286 1022 ot
306 955 419 1035 114‚a
441 975 512 1020 cum
532 959 701 1040 Antipatro
722 960 831 1023 initam
851 958 968 1024 iactum
990 977 1059 1023 esse
1079 976 1156 1040 pro-

64 1066 216 1130 babiliter
234 1066 422 1150 conjicitur:
450 1066 612 1129 liodneiio
640 1068 724 1130 euim
750 1068 811 1131 hac
832 1070 865 1134 in
885 1088 923 1132 rc
942 1069 1043 1131 minus
1064 1084 1156 1128 accu-

65 1181 138 1237 rate
170 1173 320 1254 eloquuto
354 1192 448 1237 nemo
481 1175 677 1237 assentietur.
733 1176 815 1239 'l'um
849 1197 929 1239 anno
960 1173 1158 1256 Olympiadis

67 1282 256 1345 centesimae
278 1283 407 1363 quintae
428 1282 571 1345 deeimse
586 1285 684 1347 tertio
697 1283 827 1366 Oropiis
840 1285 981 1347 conditio
1002 1282 1158 1346 libertatis

66 1390 139 1462 iiia,
173 1395 209 1450 ut
235 1390 378 1469 videtur,
415 1410 497 1473 pace
523 1398 703 1474 comparata
722 1393 1004 1474 Poiysperchoutis
1025 1391 1157 1453 decreto

64 1497 250 1560 confirmata
271 1505 320 1561 est
340 1498 382 1561 ci.
404 1518 483 1580 qnae
511 1500 572 1562 hac
600 1499 699 1563 dere
719 1502 803 1583 apud
823 1500 997 1564 Diodorum
1018 1497 1157 1561 Siculum

63 1604 176 1682 xviii,
188 1606 232 1669 oo
251 1606 398 1689 leguntur
411 1608 523 1670 verhar
541 1601 739 1693 Ἀθηναίοις
759 1603 792 1670 δ’
815 1596 902 1672 εἶναι
923 1595 967 1670 τὰ
985 1596 1155 1690 prioridie

65 1699 233 1797 καθάπερ
266 1708 322 1778 ἐπὶ
353 1709 531 1779 Φιλίππου
561 1715 623 1779 καὶ
650 1707 896 1799 Ἀλεξάνδρου,
929 1701 1090 1799 Ὠρωπὸν
1117 1701 1156 1774 δὲ

62 1816 258 1904 Ὠρωπίους
278 1813 367 1902 ἔχειν
392 1814 553 1907 καθάπερ
584 1820 655 1887 νῦν.
702 1822 898 1905 Olympiadis
923 1841 1000 1887 vero
1021 1821 1158 1885 centesi-

64 1948 136 1990 mae
163 1931 317 2010 septimae
345 1930 487 1995 decimae
513 1951 593 1994 auno
625 1932 728 2014 primo
749 1930 924 1995 Cassander
944 1928 1157 2012 oppugnando

65 2037 165 2116 cepit,
185 2037 242 2100 sed
263 2057 282 2101 a
301 2039 472 2103 Polemone
485 2042 636 2122 Antigoni
656 2041 738 2105 duee
758 2041 834 2103 inde
855 2039 1002 2121 expulsus
1023 2044 1081 2115 est,
1103 2037 1160 2117 qui

65 2143 193 2207 Boeotis
207 2143 323 2208 deinde
335 2147 480 2210 reddidit
498 2148 541 2210 ci
555 2148 649 2211 iiiod.
662 2149 726 2210 Ιίο.
739 2147 851 2224 xviii,
864 2148 917 2209 18.
937 2145 1020 2220 xix,
1032 2144 1075 2206 77
1089 2162 1159 2223 sqq.

65 2250 113 2315 ita
132 2251 191 2313 sub
211 2252 374 2316 Demetrio
395 2274 524 2335 quoqne
538 2255 720 2317 Poliorcete
734 2256 861 2335 Oropus
882 2274 954 2317 cum
967 2252 1159 2333 Amphitr-co

64 2358 250 2445 Boetoruuq
269 2367 340 2422 crat
368 2362 409 2422 oi.
441 2361 533 2443 mog.
558 2362 664 2425 Lairt.
684 2363 732 2439 11,
752 2362 815 2423 142
843 2362 898 2423 ubi
927 2379 966 2423 ex
991 2358 1161 2438 Hermippi

64 2466 250 2528 testimonio
271 2467 479 2531 Menedemus
507 2475 654 2531 namatus
682 2487 721 2532 ex
742 2469 926 2550 Amphiarai
953 2485 1044 2529 sacro
1066 2465 1161 2527 dece·

64 2574 148 2635 dere
163 2574 272 2655 jussus
293 2593 363 2638 esse
383 2564 532 2665 δόγματι
552 2582 658 2660 κοινῷ
677 2578 748 2642 τοῖν
768 2568 956 2642 Βοιωτῶν.
991 2575 1160 2652 Reliquum

66 2680 153 2762 quod
175 2688 324 2762 superest
344 2685 499 2759 temporie
520 2700 614 2759 qnam
634 2685 674 2760 ad
695 2686 795 2742 nostri
824 2685 888 2743 toci
918 2680 1160 2762 erpflca'tioncm

66 2790 199 2851 minime
215 2789 375 2869 pertineat
394 2786 521 2850 silentio
542 2789 822 2869 praetermittimus
842 2788 901 2851 sub
914 2788 1160 2871 imperatoribus
1221 2772 1224 2779 ’

66 2895 216 2959 Romania
236 2897 362 2960 Atticae
382 2895 574 2977 adscriptam
594 2894 693 2983 inisse
714 2897 901 2981 adjicientes
922 2898 963 2960 ci.
985 2897 1064 2961 Piiu.
1085 2896 1116 2957 h.
1129 2916 1159 2958 u.

67 3004 127 3077 tv,
148 3002 200 3064 11.
229 3003 359 3067 Pausan.
379 3002 410 3081 i,
430 3004 481 3066 tt.
509 3003 662 3084 v11‚11‚
682 3006 713 3068 4.
741 3001 762 3068 ὀ
783 2996 849 3092 μὲν
871 2995 914 3092 δὴ
935 2994 978 3069 τοὶ
1000 2999 1159 3072 inserat-

67 3099 158 3196 μένα
186 3106 314 3186 ἐποίει,
349 3105 541 3200 Ἀθηναίων
572 3102 610 3174 ‹i'e
640 3108 660 3174 ὁ
693 3112 806 3198 δῆμος
837 3108 969 3199 ἀνάγκη
998 3103 1107 3176 πλέον
1138 3095 1159 3197 ἢ

68 3215 236 3295 ἑκουσίως
254 3213 506 3303 διαρπάζουσιν
523 3209 684 3301 Ὠρωπὸν
712 3213 868 3292 ὑπήκοόν
898 3232 1016 3302 σφισιν
1038 3203 1159 3280 οὖσαν.

66 3327 132 3391 Sed
152 3327 205 3391 bis
224 3328 367 3390 omnihus
388 3347 468 3406 quae
485 3325 655 3389 secundum
670 3326 922 3387 doctissimorum
935 3326 1075 3385 virorum
1088 3342 1160 3386 sen·
1182 3334 1188 3340 “

66 3435 183 3496 tentiae
205 3453 297 3513 quum
317 3433 504 3495 brevissime
524 3432 666 3512 exposita
686 3437 758 3491 sunt
779 3448 919 3510 magnam
936 3429 1005 3490 veri
1018 3430 1160 3508 speciem

66 3526 270 3618 habentibus,
310 3560 404 3622 quum
432 3544 558 3620 tempua
594 3557 655 3618 quo
683 3537 894 3600 Dicaearchus
923 3539 1087 3620 egregium
1119 3536 1160 3600 do

67 3648 226 3711 Graeciae
239 3651 302 3712 vitu
317 3666 398 3731 opus
411 3648 626 3729 composuerit
646 3652 736 3708 certo
752 3646 880 3709 definiri
893 3652 1041 3727 nequeat,
1063 3667 1160 3728 quan·

68 3776 163 3837 quam
183 3755 336 3818 liodwelii
357 3757 496 3819 rationes
516 3757 548 3819 ei
569 3754 766 3818 coniiciendo
786 3756 923 3836 spatium
942 3754 982 3817 ah
997 3755 1161 3838 Olympia·

67 3866 119 3929 dia
138 3866 331 3928 centesimae
352 3873 460 3928 sextae
480 3864 621 3928 decimae
641 3883 720 3927 anno
743 3845 846 3945 primo
867 3883 968 3946 usque
990 3864 1029 3929 sd
1051 3852 1159 3946 Olym-

69 3972 196 4052 piadem
218 3974 419 4036 centesimum
439 3975 615 4036 vicesimum
636 3975 763 4036 tertium
789 3974 958 4037 tribuentia
983 3993 1045 4035 uon
1073 3975 1159 4036 omni

70 4080 295 4160 probabilitate
316 4080 486 4146 destitutae
505 4088 592 4144 suut:
620 4082 693 4143 fleri
714 4083 764 4144 vix
785 4089 909 4163 poteri,
930 4087 966 4145 ui
986 4084 1095 4143 nostro
1117 4080 1159 4142 de
1258 4074 1266 4141 .’

67 4188 142 4251 ioco
173 4190 287 4252 critice
316 4188 534 4253 constituendo
566 4196 712 4252 accurate
744 4189 961 4252 decernamus.
1013 4185 1160 4264 Accedit,

68 4296 156 4378 quod
178 4304 214 4360 ut
234 4301 266 4362 in
286 4301 442 4362 sexcentis
463 4299 533 4361 eliis
552 4300 652 4362 nostri
671 4299 839 4380 irsgmerni
859 4298 939 4359 iocis
954 4297 998 4358 ita
1012 4297 1065 4358 hic
1081 4315 1158 4376 quo-

68 4422 133 4486 que
155 4410 355 4487 excerptoris
375 4409 482 4488 potius
503 4425 593 4487 quam
614 4407 798 4489 philosophi
814 4405 965 4484 reliquias
979 4403 1159 4484 deprehen·

67 4512 189 4574 dimus:
220 4532 310 4592 quum
332 4514 372 4575 ob
394 4532 516 4575 causum
538 4533 618 4594 quae
638 4515 763 4594 vulgate
783 4519 832 4574 est
851 4511 948 4573 lectio
971 4506 1064 4572 οἰκία
1091 4512 1158 4591 Θη-

66 4616 145 4692 βῶν
167 4622 415 4684 sZosimndibur
429 4621 578 4699 exhibita,
598 4642 637 4685 ex
658 4622 881 4683 sententiarum
897 4638 1038 4681 connexu
1054 4619 1159 4680 evuisa

65 4734 103 4791 st
131 4736 186 4791 aut
215 4728 256 4791 de
287 4729 377 4793 domo
406 4728 602 4808 Thebarum,
637 4730 681 4793 ito
708 4734 744 4794 ut
772 4728 873 4811 Oropi
904 4727 1057 4812 exiguitas
1087 4744 1156 4787 curu
