2610 5228
423 724 795 804 ¹····455-·--··

63 920 178 1000 tionis,
207 919 289 984 alter
316 921 455 985 numeris
481 919 652 985 adstrictus
672 915 801 1012 (iorssn
823 939 948 1004 prosam
968 921 1158 991 liicnearcht

63 1031 240 1094 orationem
261 1031 375 1112 aliquis
394 1029 559 1094 includere
574 1031 710 1112 pedibus
728 1031 838 1110 voluit,
857 1033 914 1094 sed
937 1053 1018 1115 opun
1037 1037 1158 1118 imper·

61 1134 185 1204 iectnm
199 1132 377 1226 reliquit),
404 1133 451 1225 2)
472 1136 557 1218 quod
585 1139 648 1201 siut
668 1155 778 1200 versus
798 1145 870 1202 aute
893 1159 1021 1222 prosam
1039 1146 1158 1206 cretio·

62 1265 136 1312 nem
158 1247 309 1329 ponendi.
356 1247 427 1328 hlgo
448 1265 543 1328 quum
563 1245 644 1309 haec
664 1247 913 1328 perpenderem,
940 1249 1083 1316 lludsoni
1104 1268 1164 1316 or··

62 1355 171 1420 dinem
191 1357 263 1419 fere
283 1364 411 1419 secutus
430 1373 508 1419 eom.
557 1355 621 1419 Sed
642 1356 811 1418 insulsrum
833 1344 930 1420 etan
952 1378 1034 1441 pone
1056 1381 1158 1444 appo-
1239 1412 1241 1417 ,

29 1466 131 1546 sni,
157 1472 194 1529 ut
222 1483 297 1548 pars
323 1465 433 1546 operis
458 1465 592 1526 metrica
612 1483 674 1526 uno
696 1469 809 1526 tenore
828 1471 997 1530 constaret.
1047 1467 1165 1549 Posuit'

60 1582 175 1642 contra
202 1576 343 1638 Murrius
370 1572 410 1636 ad
437 1575 562 1637 initium
588 1574 673 1636 illem
694 1576 821 1638 Atticae
849 1577 1096 1658 descriptionem
1123 1586 1158 1644 et

59 1688 224 1750 metricum
248 1691 371 1767 partem
391 1683 450 1747 suh
469 1685 565 1745 finem
579 1683 736 1745 adnexuit.
777 1684 842 1746 Sed
864 1686 948 1747 eliud
964 1687 997 1748 id
1019 1696 1069 1751 est
1082 1708 1158 1771 per·

57 1794 251 1858 turbationis
279 1806 397 1876 genus,
425 1810 520 1872 quum
547 1793 722 1872 ingressum
750 1793 859 1872 operis
889 1793 982 1855 linem
1010 1794 1157 1860 iecerit.“

58 1903 167 1986 Magis
187 1903 282 1964 etium
303 1902 383 1963 mira
403 1899 529 1962 elfere
550 1897 688 1962 ridicula
708 1905 757 1961 est
770 1900 949 1964 Buttmanni
972 1906 1157 1986 pertluacie,

60 2012 120 2094 qni
140 2030 234 2092 quum
256 2011 328 2091 ipse
347 2010 439 2072 initio
454 2008 495 2070 de
516 2009 710 2092 unagrsphes
726 2008 835 2072 habitu
857 2013 994 2091 pessime
1007 2015 1158 2080 sensisset

58 2125 194 2202 postero
215 2116 332 2180 deinde
352 2122 498 2198 tempore
519 2118 648 2179 summis
667 2117 787 2179 viribus
808 2118 917 2180 enixus
938 2124 1005 2196 ent,
1026 2127 1062 2183 ut
1082 2141 1155 2184 una·

57 2227 205 2311 graphen
219 2226 389 2308 genuinum
404 2223 592 2287 Dicaearchi
606 2242 688 2305 opos
703 2242 772 2286 esse
788 2224 1027 2290 demonstraret
1070 2227 1155 2291 ileu·

58 2334 231 2417 graphicas
269 2339 374 2396 tamen
403 2315 591 2396 Dicaearchi
625 2330 747 2395 tritulus
782 2335 940 2397 exstitisse
968 2335 1008 2397 ad
1039 2354 1156 2418 easque

58 2442 262 2506 illustrandas
282 2442 485 2524 auagrepheu
507 2440 708 2523 pertinuisse,
729 2441 765 2504 id
786 2443 870 2523 qood
888 2443 1067 2507 llodwcllus
1087 2445 1158 2509 alil·

59 2568 125 2632 qne
150 2551 212 2614 riri
240 2549 327 2612 docti
354 2555 548 2628 statuerent,
577 2551 704 2631 penitus
733 2551 869 2631 negsvit.
927 2551 1156 2634 compendium

57 2663 165 2721 autern
195 2657 446 2739 geographlcum
476 2676 546 2720 esse
575 2657 654 2720 dicit
684 2678 702 2717 n
724 2640 920 2722 Dicaearcho
941 2660 973 2721 iu
995 2678 1084 2722 usum
1100 2661 1156 2742 Ju-

55 2782 173 2828 venum
199 2763 377 2828 confectum
405 2764 641 2844 memoriaeque
672 2762 866 2847 adjuvandae
898 2782 991 2827 cauea
1020 2765 1196 2828 metrice·

55 2875 279 2971 compositum,
300 2872 357 2937 se'd
378 2874 477 2955 magis
490 2874 658 2954 mythicam
674 2873 901 2956 geographiam
922 2875 955 2937 in
971 2893 1010 2937 eo
1025 2874 1156 2939 tractari

54 2985 170 3048 statuit
189 3002 281 3064 quam
302 2981 528 3065 geographiam
550 2983 762 3064 posteriorum
786 2989 982 3064 temporum,
1014 2981 1101 3063 qnod
1120 2984 1154 3048 ht
1209 3019 1212 3025 ·
1283 3072 1289 3081 ·

56 3088 256 3155 commodem
283 3109 392 3153 eorum
421 3091 517 3152 tieret
544 3091 598 3169 qui
627 3090 840 3170 mythologice
869 3108 998 3169 operam
1031 3090 1155 3154 darent.

54 3199 185 3266 Nullum
205 3217 304 3277 vero,
331 3203 368 3260 ut
396 3196 436 3259 ad
457 3198 559 3278 ipsius
580 3197 879 3258 demonstrationem
908 3195 1072 3275 accedam,
1099 3215 1156 3260 ex·

53 3315 182 3372 ternum
210 3307 421 3370 testimouium
443 3305 554 3368 adesse
576 3303 810 3381 animadvertit,
842 3303 928 3384 quod
950 3305 1153 3388 nnagrnplren

55 3401 225 3500 genuinam
246 3434 308 3478 uon
330 3432 401 3476 csse
422 3411 596 3490 iudicaret,
626 3411 753 3474 dicendi
782 3411 937 3472 rationem
965 3412 998 3474 iu
1018 3431 1057 3475 en
1077 3431 1155 3494 pro·

54 3524 153 3587 latam
172 3543 244 3586 cum
264 3521 455 3588 Aristotelea
482 3522 577 3603 plane
600 3522 769 3587 convenire
789 3525 824 3581 et
843 3518 1063 3602 indprooemio
1084 3522 1153 3584 uul-

52 3632 119 3695 lam
138 3632 377 3715 repugnantiam
391 3631 506 3708 inesse,
529 3648 623 3710 quum
638 3628 849 3691 Dicaearchus
869 3644 904 3692 se
918 3630 1056 3711 primum
1076 3649 1153 3712 geo·

51 3739 240 3824 grephioum
268 3739 489 3821 compendium
517 3739 660 3801 versibus
692 3730 911 3823 composuisse
931 3739 1046 3801 merito
1075 3758 1152 3822 pro·

50 3850 200 3912 uuutiare
220 3850 387 3931 potuisset.
428 3848 477 3910 En
494 3847 634 3928 Scylacls
655 3854 759 3910 autem
780 3847 908 3928 periplo
923 3847 1152 3911 Dicaearchum
1169 3844 1180 3877 ⁸

40 3976 118 4023 -ueu
137 3963 261 4021 temere
287 3955 437 4021 nonnulla
464 3957 668 4038 compilasse,
698 3955 755 4019 sed
777 3958 853 4019 satis
873 3955 1072 4049 considerate
1093 3975 1151 4020 ana

49 4066 224 4148 repetiisse
252 4071 287 4129 et
305 4070 473 4149 praeterea
502 4063 574 4127 aliis
595 4084 721 4146 quoque
741 4065 969 4145 scriptoribus,
998 4069 1034 4126 nt
1060 4063 1149 4145 logo-

48 4173 185 4255 graphis
205 4180 239 4237 et
258 4179 400 4236 veterum
414 4173 588 4234 tubulorum
610 4171 845 4234 euerratorihus
864 4189 954 4232 usum
974 4169 1073 4232 luisse
1094 4184 1150 4232 ex·

10 4300 14 4331 t
48 4280 211 4345 intimarit.
261 4282 350 4362 Quae
380 4300 476 4361 quum
497 4280 702 4342 Buttmuuuus
722 4281 755 4342 ln
777 4278 1012 4360 quaestionibus
1031 4274 1074 4338 de
1093 4274 1149 4338 m-

49 4388 209 4450 csearcho
240 4389 439 4470 exposuisset
465 4387 505 4450 nb
535 4387 660 4451 Osanno
689 4407 760 4449 curn
789 4385 931 4451 libellum
958 4388 1147 4447 recensente

47 4497 244 4579 argumentis
272 4497 462 4579 grauntnts
490 4496 629 4558 refutata
655 4501 734 4558 sunt.
783 4495 863 4559 (ium
890 4490 1046 4556 cadavere
1067 4510 1149 4572 aqua

47 4602 215 4667 mutereo
236 4610 270 4667 et
289 4605 444 4686 temporis
459 4602 665 4666 diuturnitate
686 4601 879 4684 putrefacto,
898 4620 961 4664 uon
983 4620 1055 4663 cum
1075 4600 1149 4660 viro
1205 4604 1207 4609 ⁴

34 4715 85 4777 et
102 4728 179 4779 aeuo
200 4731 340 4798 corpore
353 4731 421 4780 rem
442 4713 532 4779 noun
554 4732 624 4778 esse
639 4709 839 4794 sungraphcu
861 4708 1148 4794 contemplantibus
1243 4692 1289 4755 ⁴⁴¹
