2610 5228
418 786 516 799 --
572 756 639 833 ιοι
695 794 780 803 ---

54 977 126 1025 aum
146 956 214 1038 legi
232 957 277 1018 ita
296 970 392 1035 poure
411 952 532 1015 locnma
564 951 639 1014 τοῖν
662 940 704 1013 δέ
724 944 955 1013 ἐνοικούντων
978 944 1097 1011 αὐτῶν
1119 942 1155 1009 ol

56 1058 122 1156 μὲν
141 1060 355 1126 Ἀττικοί-
373 1060 433 1121 και·
455 1053 521 1144 γὰρ
550 1056 591 1121 αι’
617 1038 778 1142 ον’νεγγυς
800 1056 907 1145 αὐτῆς
926 1050 1047 1131 πόλεις
1065 1068 1155 1139 προ·

57 1164 183 1237 nietam
204 1172 277 1235 τῶν
295 1168 491 1257 Ἀθηναίων
512 1163 658 1231 εἰσίν-
680 1167 717 1231 οἱ
735 1157 774 1231 δέ
786 1164 978 1256 Ἀθηναῖοι,
998 1166 1055 1230 illo
1075 1172 1156 1229 tem·

60 1302 144 1367 poro
171 1301 233 1363 qno
263 1279 367 1343 adhuc
396 1277 560 1341 rtudcham
581 1283 733 1360 excerpta
752 1278 999 1340 llicaeerchinna
1019 1275 1058 1339 ad
1080 1294 1157 1338 nor·

59 1410 142 1454 mam
168 1388 309 1451 accurati
337 1386 506 1467 acriptorio
533 1404 695 1448 revocare.
737 1384 900 1467 Surpicari
923 1386 1061 1466 denique
1083 1404 1159 1467 por-

59 1516 163 1562 oemna
183 1517 256 1560 eum
277 1496 380 1558 iocum
402 1494 442 1556 ad
463 1495 589 1558 Atticae
617 1496 782 1556 univerrae
812 1494 1060 1576 descriptionem
1080 1512 1158 1577 peu·-

60 1608 194 1671 tinuiaae
215 1610 249 1667 ct
269 1605 386 1685 capitia
406 1622 444 1665 ea
465 1602 506 1664 de
527 1603 692 1684 provincia
713 1606 886 1665 extremum
907 1603 1015 1665 inirae.

142 1714 374 1797 περίεργος
411 1712 466 1792 qui
493 1712 527 1773 in
555 1711 662 1791 aliquo
692 1711 802 1772 lahorc
821 1710 964 1791 ‚multum
996 1708 1093 1773 studii
1123 1714 1159 1772 et

61 1822 246 1905 diligentiae
276 1818 411 1883 collocat
437 1818 489 1880 vel
517 1820 612 1881 etiam
633 1819 763 1881 nimium
783 1820 994 1881 accurationir
1015 1820 1046 1881 ei
1066 1816 1158 1881 adhi-

58 1928 127 1993 het.
169 1926 282 2007 Neque
302 1946 376 1989 raro
397 1926 555 2008 rignilicat
583 1946 654 1988 enm
683 1927 736 2006 qui
769 1908 849 2006 quac
877 1925 917 1986 ad
938 1926 1041 2007 iprum
1062 1926 1159 2009 plana

60 2054 125 2101 nou
152 2037 287 2099 attinent
314 2036 417 2098 aliena
444 2042 534 2098 curat
562 2036 614 2097 rel
641 2041 756 2097 tractat
783 2035 825 2097 ci
845 2035 927 2097 l’lat
953 2036 1047 2117 Apol.
1068 2034 1159 2097 Socr.
1264 2032 1272 2039 '

62 2162 91 2205 c.
110 2142 150 2205 δι
183 2136 376 2231 Σωκράτης
403 2139 524 2206 ἀδικεῖ
547 2144 607 2206 καὶ
627 2138 894 2227 περιεργάζεται
917 2139 1033 2229 ζητῶν
1055 2128 1160 2204 τότε

63 2241 133 2314 ἐπὸ
154 2248 215 2338 γῆς
243 2248 303 2313 καὶ
332 2240 379 2313 τοὶ
407 2237 604 2333 ἐπουράνια
625 2268 657 2311 κ.
679 2270 710 2311 τ.
731 2245 764 2311 λ.
805 2250 967 2311 Plutarch.
998 2248 1039 2311 de
1065 2248 1162 2311 dircr.

62 2358 147 2422 adol.
168 2366 204 2420 et
224 2360 333 2420 amice
372 2347 414 2419 τό
445 2346 486 2418 δέ
517 2356 581 2419 τοῦ
606 2344 757 2432 κόλακος
778 2350 881 2439 ἐργον
905 2346 1004 2419 οὐδέν
1027 2350 1095 2438 ἕχει
1115 2353 1163 2418 δί-

62 2484 168 2529 καιον
191 2495 228 2509 -
253 2458 331 2525 ἀλλ’
353 2496 392 2511 -
417 2464 475 2526 καί
497 2453 660 2527 σύντασιν
679 2452 878 2548 προσώπου
909 2456 1084 2527 ποιοῦσαν
1106 2451 1162 2552 ἐμ·

62 2587 178 2659 φασιν
199 2570 262 2636 καί
283 2558 420 2657 δόκησιν
442 2558 613 2635 ἐπιπόνου
632 2570 755 2657 χρείας
774 2572 833 2634 καί
848 2561 1161 2662 κατεσπευσμένης·

10 2740 20 2753 ,
66 2672 187 2763 ὥσπερ
219 2665 439 2765 ζωγράφημα
470 2683 651 2764 περίεργον
684 2672 842 2744 ἀναιδέσι
873 2673 1074 2769 φαρμάκοις
1101 2678 1162 2745 καὶ

67 2778 316 2875 κεκλασμέναις
343 2780 473 2849 στολίσι
501 2786 563 2851 καί
593 2782 703 2873 ῥυτίσι
730 2788 792 2852 καὶ
819 2794 961 2872 γωνίαις
982 2784 1162 2876 ἐναργείας

68 2890 266 2981 φαντασίαν
277 2879 499 2978 ἐπαγόμενον
515 2895 557 2957 cf.
564 2896 727 2979 Theophr.
737 2898 908 2961 char.lllll
922 2917 1162 2985 cap-ncpcapy.

67 3003 170 3067 Perir.
191 3001 232 3064 ad
246 3002 320 3065 nel.
341 3002 532 3076 v.n.11‚44.
553 3003 594 3067 ci.
614 3006 713 3067 Beli.
734 3007 854 3071 Auecd.
868 3008 893 3090 1,
907 3008 979 3069 210.
1001 2998 1162 3084 α’τακτοι,

68 3107 103 3173 οἱ
121 3108 378 3195 περίεργοιίκαί
398 3099 499 3193 παριί
522 3099 563 3173 τδ
585 3104 768 3198 προσῆκόν
790 3133 822 3175 τι
851 3115 1046 3188 ποιοῦντες.
1095 3117 1165 3194 Qua

67 3220 190 3283 ratione
212 3238 283 3281 cum
301 3207 450 3305 μάταιος
473 3220 646 3283 collocatur
668 3221 812 3301 Xenoph.
833 3221 1008 3283 Memorah.
1029 3223 1062 3299 1,
1081 3222 1113 3298 3,
1134 3222 1164 3284 1.

69 3316 149 3401 τοέις
170 3318 209 3389 δέ
229 3319 347 3403 ἄλλως
368 3343 446 3399 πως
466 3326 658 3400 ποιοῦντας
680 3321 882 3409 περιέργους
910 3329 965 3388 καί
994 3324 1165 3415 ματαίους

69 3428 225 3521 ἐνόμιζεν
247 3426 344 3501 εἶναι.
395 3434 467 3497 ΙΙοσ
495 3440 601 3495 autem
627 3433 699 3494 loco
721 3430 898 3515 περίεργοι
921 3439 995 3506 ταῖς
1014 3427 1168 3511 λαλιαῑς,

69 3564 153 3625 qnae
175 3542 302 3625 quidem
323 3544 422 3605 verba
442 3548 530 3603 arcte
551 3543 692 3605 interae
713 3540 1040 3623 conjungendarum,
1063 3542 1166 3607 homi·

68 3654 206 3717 'naarine
221 3652 316 3715 duhio
330 3658 479 3714 notantur
499 3652 532 3713 in
546 3649 718 3732 garriendo
733 3651 861 3712 nimium
878 3669 994 3731 operae
1008 3653 1166 3717 collocan-

69 3766 129 3825 tca.
164 3760 315 3824 ceterum
335 3761 375 3821 iia
396 3760 437 3821 dc
457 3758 564 3821 rerhio
578 3758 755 3840 Stephanus
769 3758 884 3821 multuo
899 3765 947 3822 cat
960 3762 1166 3844 explicandia,

70 3874 149 3945 ταῖς
169 3861 308 3943 haitais
329 3870 509 3931 existimans
529 3874 582 3931 aut
602 3886 764 3931 aermouer
780 3868 963 3949 icquacihua
977 3875 1166 3935 convenicu-

71 3984 125 4041 ter
149 3986 205 4041 ant
230 3978 453 4059 loquacitatem
482 3978 582 4057 ipram
611 3976 793 4059 significari.
841 3977 928 4039 lilaru
958 3980 1166 4040 iurationem

69 4086 277 4151 Plutarchum
297 4087 402 4151 attulit
420 4072 527 4168 λόγον
548 4074 650 4149 κενόν
671 4085 732 4150 καί
749 4078 942 4172 φλυαρώδη
963 4103 1023 4166 per
1039 4073 1168 4146 λαλιάν

72 4188 233 4263 ἄτακτον
263 4196 380 4261 deinde
409 4202 443 4258 et
479 4190 655 4280 φλυαρίαν
683 4196 964 4275 interpretantem,
998 4192 1061 4253 huc
1089 4210 1166 4255 vero

70 4306 319 4389 Arlttophancm
346 4305 454 4377 iacere
483 4304 643 4366 adnotavit
669 4294 797 4367 λαλιάν
818 4309 852 4364 et
871 4293 1069 4389 στωμυλίαν
1090 4319 1167 4363 con·
1198 4352 1204 4365 .

64 4414 267 4499 §ungentem
300 4414 472 4477 Praeterea
493 4412 716 4475 conferendam
730 4432 801 4474 eoae
816 4416 924 4473 censet
937 4410 1168 4491 proverbialem

71 4520 205 4585 dicendi
225 4523 379 4585 rationem
397 4510 549 4593 Ἀττικός
563 4510 705 4606 μυκτόρ.
739 4520 884 4581 Priorem
898 4524 1001 4580 autem
1015 4518 1168 4601 Stephani

71 4632 319 4713 explicationem
348 4650 417 4695 eam
450 4630 647 4711 potiorimum
677 4628 717 4691 oh
747 4646 869 4689 caueam
898 4628 1046 4709 equidem
1074 4646 1168 4710 prae-

69 4738 221 4835 tulerim,
257 4739 343 4823 qnod
371 4729 478 4804 λαλιά
504 4757 565 4807 ror
592 4736 712 4823 legitur
738 4735 855 4819 plurali
881 4757 1011 4803 numero
1033 4737 1167 4819 prolata,
