2610 5228
458 803 555 815 ---
620 788 676 841 urr
735 802 834 817 --

98 984 218 1037 verum
242 965 287 1033 sit
316 969 410 1033 recto
425 960 549 1051 judicio
569 961 790 1053 indagavissc
809 962 941 1051 opiner,
973 970 1008 1030 ot
1028 980 1124 1029 nemo
1145 979 1199 1029 me

100 1068 219 1136 melius
241 1065 376 1152 sentiat,
397 1082 493 1153 quam
514 1066 628 1153 procul
648 1082 670 1131 a
689 1064 756 1131 inm
777 1063 943 1151 proposito
965 1062 1199 1129 aberraverim.

100 1168 291 1236 voluissem
310 1165 402 1231 libris
431 1184 484 1231 me
503 1167 737 1253 manuscriptis
764 1166 810 1231 uti
830 1165 994 1252 potuisse,
1024 1160 1085 1229 seu
1115 1182 1200 1230 riuus

98 1268 144 1337 de
171 1271 267 1353 cujus
295 1267 404 1333 salute
424 1271 460 1333 el
480 1264 563 1331 sede
584 1272 782 1355 compertum
804 1270 878 1350 esi,
905 1266 1123 1341 Monacensis,
1144 1264 1200 1351 qui

99 1374 134 1435 J.
160 1373 199 1434 (i.
218 1371 397 1434 Heruuorti
414 1366 490 1433 olim
509 1368 617 1433 suerat
637 1374 673 1434 et
693 1384 767 1432 oum
787 1363 984 1431 bibliotheca
998 1364 1201 1447 Augustana

99 1468 313 1539 Manaclriam
333 1467 517 1535 translatus
538 1474 608 1553 cst,
639 1466 867 1533 recentissimo
888 1470 1035 1551 ternpore
1057 1464 1107 1528 his
1129 1463 1202 1531 col-

101 1570 194 1635 latus
214 1574 278 1657 est,
298 1570 433 1656 primum
452 1586 475 1633 a
489 1568 646 1635 Werlcro
667 1568 701 1631 in
715 1566 835 1633 illarxii
856 1584 949 1630 usum
969 1570 1003 1629 ct
1023 1562 1204 1630 secuudum

98 1688 123 1737 a
144 1666 325 1757 Spengelio
347 1688 407 1755 pro
429 1668 646 1755 hartmanno,
674 1684 783 1752 neque
811 1684 889 1731 esse
915 1662 1022 1730 adhuc
1043 1664 1203 1751 intellexi,

101 1767 190 1856 qrrod
211 1766 253 1835 cle
267 1767 438 1857 diligentia
452 1786 565 1834 carum
579 1768 788 1834 collationum
802 1763 996 1831 rluhitcmus.
1039 1760 1110 1843 Quo
1129 1766 1202 1831 loco

103 1878 140 1937 et
170 1888 235 1956 quo
262 1874 353 1937 statu
381 1868 485 1935 ceteri
513 1868 631 1953 quihus
651 1866 872 1933 lloeschclius
894 1884 975 1930 usus
995 1871 1049 1931 cst
1070 1862 1203 1930 codices

103 1970 282 2035 Gasauioni
306 1975 341 2037 et
368 1972 515 2035 Paratae·
537 1966 635 2037 lrorlie
655 1974 853 2053 versentur,
880 1967 999 2053 ignoro
1027 1983 1135 2049 uentre
1163 1961 1203 2028 acl

103 2066 369 2156 comperiendam
397 2070 539 2136 animum
566 2084 771 2157 magnopere
790 2064 940 2150 εὐγενῆ,
972 2084 1068 2151 quum
1090 2082 1205 2129 omnes

101 2168 179 2235 illos
202 2167 302 2235 libros
324 2188 368 2235 ex
388 2189 454 2237 uno
467 2170 556 2236 sonte
577 2185 753 2234 emanasse
767 2185 838 2233 eum
854 2166 1053 2232 Buttmanno
1076 2171 1110 2231 et
1130 2165 1205 2231 aliis

102 2270 186 2336 ciris
207 2266 314 2335 doctis
335 2270 566 2336 consentirem.
616 2268 669 2333 Eo
689 2268 765 2352 plus
785 2265 962 2349 adjumenti
986 2266 1028 2331 ah
1049 2266 1123 2329 aliis
1144 2282 1205 2330 co·

101 2366 243 2454 (linibus,
265 2386 400 2453 qrrorurn
420 2367 543 2431 nullom
563 2364 639 2430 dum
659 2367 807 2429 notitiam
828 2364 996 2455 habemus,
1017 2366 1206 2450 exspectari

103 2474 248 2556 poterat.
290 2464 366 2531 lluo
386 2464 614 2529 llicaeorclrca
633 2462 838 2549 fragmenta,
860 2464 997 2530 alterum
1020 2466 1206 2551 prosaicum

105 2566 206 2635 Vitae
219 2564 395 2649 Graeciae,
408 2564 545 2629 alterum
559 2556 751 2653 drappapu)
764 2566 822 2654 τῆς
833 2556 1000 2642 'Eihduog
1013 2566 1206 2652 inscriptum

106 2684 292 2753 quanquam
314 2682 357 2731 cx
374 2664 489 2749 majori
510 2670 634 2729 tantum
656 2671 764 2752 parte,
784 2666 906 2752 primus
921 2668 1103 2731 Matthaeus
1117 2666 1206 2729 Baci-

109 2770 209 2833 daeua
223 2765 353 2832 ltaliam
374 2782 563 2853 peragrans
584 2783 672 2831 anno
693 2766 779 2830 low
798 2766 831 2831 in
853 2763 968 2833 codice
989 2764 1128 2853 qrrorlum
1148 2785 1207 2831 re-

108 2867 191 2954 perit
217 2868 417 2951 Hanciooqua
445 2866 605 2951 Stephano
631 2867 806 2954 conmisit,
839 2869 893 2953 rpui
923 2885 996 2932 cum
1018 2866 1208 2935 Casauhoui

109 2967 197 3032 uotis
223 2966 319 3029 rouo.
351 2960 471 3050 cdiclit,
501 2982 587 3051 quae
614 2962 712 3033 editio
741 2966 775 3029 in
803 2964 953 3031 thesauri
980 2968 1208 3052 antiquitatum

109 3062 313 3131 Graecarum
341 3062 544 3129 Grorroulani
573 3070 660 3129 tomo
682 3064 735 3131 XI
754 3062 875 3132 deinde
896 3084 950 3132 an.
981 3070 1066 3133 lhllll
1087 3085 1208 3135 recusa

110 3174 172 3231 est.
214 3164 292 3230 Nou
312 3164 360 3229 lta
379 3164 479 3230 rnullo
499 3171 576 3250 post
590 3166 795 3231 Hoeochalinc
814 3166 906 3231 libris
928 3186 1010 3251 quos
1030 3166 1097 3231 (lixi
1111 3174 1210 3234 triens

112 3264 343 3351 manuscriptis
374 3270 408 3329 ct
435 3264 594 3349 reliquam
626 3263 703 3329 inde
732 3264 948 3350 arrrrgraplrcs
978 3262 1022 3331 cle
1043 3265 1146 3331 Creta
1175 3273 1210 3333 cl

111 3360 313 3450 Cycladibus
341 3360 613 3449 Sporadihnsque
642 3363 758 3427 insulis
787 3370 913 3447 prrrtcm
940 3363 1149 3448 sthuugeus
1175 3367 1208 3431 in

111 3462 218 3528 lucem
233 3463 337 3527 emisit
351 3461 516 3549 Augustis
530 3458 785 3529 vindelicorum.
807 3465 899 3525 lituo.
941 3462 1045 3529 lllulto
1064 3474 1211 3552 tempore

110 3563 284 3647 interjeelo
304 3564 472 3627 Hudconos
501 3560 535 3627 in
556 3562 825 3651 geographorum
853 3584 985 3628 suorum
1007 3564 1211 3631 tir-occuram

109 3664 269 3729 minorum
297 3661 461 3729 uolumine
487 3663 594 3729 altero
618 3664 746 3751 repetiit
769 3666 869 3751 laea,
896 3662 1097 3752 accedente,
1125 3664 1212 3751 quod

110 3760 270 3829 ceorlice
286 3765 431 3827 Gudiano
452 3760 653 3851 descripturo
668 3763 841 3830 h'ahriclus
862 3766 1103 3852 transmiserat
1124 3784 1211 3833 ana-

108 3860 263 3950 graphes
290 3861 373 3928 l’elii
401 3864 599 3950 fragmento.
652 3862 770 3931 Denuo
797 3863 916 3933 aetolo
947 3868 978 3931 in
1010 3869 1212 3932 Zosimadum

108 3965 365 4049 geographorum
386 3966 568 4029 collectione
595 3966 825 4031 Vindoboneuci
842 3983 968 4032 exclusa
990 3975 1077 4052 sunt,
1100 3968 1213 4054 primis

109 4064 213 4145 hujus
238 4063 363 4127 sacculi
392 4063 488 4128 aronis
516 4062 643 4156 (18qu
671 4068 745 4131 sina
766 4067 834 4131 ulla
862 4065 933 4133 lere
954 4084 1038 4133 sona
1060 4069 1137 4132 crisi
1161 4069 1214 4131 in·

108 4162 239 4226 stituta.
280 4160 429 4228 Omnium
444 4168 561 4249 postea
581 4166 699 4251 optime
713 4167 855 4231 Meierao
868 4168 1014 4231 Marcius
1034 4170 1067 4231 in
1092 4185 1214 4233 recon-

110 4256 228 4327 sendus
263 4262 327 4327 illis
358 4264 554 4351 fragmentis
581 4275 737 4331 uersatus
758 4273 829 4351 cst,
860 4267 893 4331 iu
924 4268 1020 4333 tertio
1053 4264 1214 4333 Crcuzcri

111 4362 353 4428 melelematum
375 4362 537 4429 uolumine
560 4365 649 4452 Lips.
672 4368 755 4429 1819
769 4367 941 4433 exhibens.
974 4365 1099 4432 hierlcru
1126 4386 1214 4435 tincto

118 4463 205 4523 Gor'l.
220 4463 330 4526 allana·
348 4460 520 4529 editionem
535 4462 845 4552 Dierrearchcorum,
868 4485 951 4551 qrnrc
972 4468 1015 4532 ah
1037 4469 1213 4534 llolsteuio

115 4560 277 4645 aprrourlam
300 4571 476 4650 apparata,
499 4565 668 4630 immatura
689 4576 800 4632 autem
821 4568 893 4649 ejus
916 4575 1018 4633 morte
1042 4568 1215 4635 retardata

114 4662 233 4749 luerat,
255 4666 325 4727 suls
347 4665 434 4729 euris
449 4664 630 4731 ulrsolutam
651 4663 762 4731 elion.
805 4665 925 4731 'l'rihus
947 4669 1043 4732 aunis
1058 4676 1215 4753 praeler-

114 4760 218 4849 lapsis
248 4764 407 4829 Calidonia
445 4764 561 4831 librum
596 4782 698 4853 supra
732 4765 913 4854 allegatum
948 4775 983 4834 et
1014 4785 1103 4833 anno
1131 4767 1216 4860 1828
