2610 5228
439 675 784 751 *sa-

64 869 256 954 populorum
291 867 487 933 Graecorum
521 869 627 950 capita
661 861 752 932 Bion
789 866 920 931 ciflcma
957 863 1157 947 numanus,
1250 942 1253 947 ¹

63 972 221 1058 quomod!
241 981 306 1052 est,
338 979 389 1053 ut,
416 976 445 1039 sl
473 976 650 1038 accuratius
677 973 896 1038 consideratur
923 980 956 1037 ct
984 993 1057 1038 oum
1084 973 1156 1039 ullis

62 1085 146 1147 locls
165 1082 379 1147 ciceronianis
399 1090 617 1166 comparatur,
652 1082 692 1144 ad
720 1081 918 1145 statuendum
938 1100 995 1145 nos
1015 1099 1155 1145 commo·

63 1199 151 1269 scat,
171 1190 213 1254 sle
232 1197 341 1257 nostro
360 1186 439 1273 Βίῳ
459 1191 505 1253 lhl
525 1192 652 1272 penitus
673 1208 736 1253 nou
758 1190 904 1272 cogitari.
919 1186 957 1274 ')
998 1188 1056 1252 llle
1076 1206 1153 1251 voro

63 1306 128 1362 csta
146 1289 395 1386 „hamsocne
415 1301 447 1362 ln
467 1299 609 1363 manibus
625 1300 785 1374 tenebam
807 1308 842 1361 et
861 1298 994 1361 hcrcnlc
1008 1316 1153 1380 msgnusu

60 1425 208 1470 uersum
221 1405 408 1469 Dicaearchi
421 1406 499 1469 mihi
513 1414 585 1469 aute
599 1405 700 1487 perles
713 1414 937 1471 exstruxeram.
966 1405 994 1469 0
1007 1424 1153 1487 magnum

59 1513 219 1579 hominem
243 1520 278 1576 et
297 1534 316 1577 a
337 1533 400 1595 quo
420 1515 518 1577 multo
539 1514 632 1597 plura
653 1512 805 1577 ildicerla
826 1533 918 1595 quam
939 1513 980 1577 sla
1001 1512 1153 1576 Procilio.

59 1612 262 1703 Κορινθίων
281 1629 315 1684 ct
339 1617 531 1703 Ἀθηναίων
559 1627 638 1703 puto
666 1640 717 1683 me
744 1621 863 1684 Romae
886 1622 1015 1685 trahere.
1067 1619 1152 1684 Mihi

58 1727 176 1807 crona,
210 1729 282 1811 lege
308 1729 353 1792 sia
378 1728 459 1791 haec
485 1728 571 1803 otio,
602 1729 754 1793 mtrshilis
774 1732 823 1793 sir
843 1737 902 1793 cst.
943 1722 1103 1819 Ἡρώδης
1122 1730 1150 1794 si

58 1838 154 1900 homo
182 1844 281 1914 esset,
317 1856 389 1899 cum
419 1839 525 1918 potius
552 1837 676 1920 legeret
698 1859 789 1920 quam
811 1859 903 1904 unam
923 1839 1048 1903 literam
1069 1839 1150 1901 scri·

10 1968 16 1979 ¹
58 1946 180 2009 haret.“
231 1948 314 2010 Ante
335 1947 438 2009 omnia
458 1947 661 2010 considerare
680 1949 735 2012 hic
757 1949 924 2028 dehemus,
961 1950 1149 2033 ciceronem
1239 1970 1242 1975 ’

59 2052 99 2117 ie
118 2073 231 2137 magno
252 2055 444 2135 scriptorum
457 2055 743 2119 Dicaearcheorum
763 2076 888 2137 acervo,
901 2059 939 2143 ⁸)
962 2077 1055 2138 quom
1076 2064 1149 2125 autc

59 2180 130 2225 suos
150 2162 253 2245 penes
272 2165 492 2243 exstruxisset,
527 2165 623 2227 vorha
650 2166 760 2227 iacere
791 2185 923 2246 comque
951 2167 1149 2245 relationem,

60 2270 181 2333 etiamsi
213 2270 369 2350 quantiam
398 2271 562 2334 ciceronis
597 2273 871 2353 exaggerationem
900 2290 1151 2353 agnosceremus,

59 2396 128 2441 cum
151 2377 333 2458 Porphyrio
358 2370 448 2439 Bion
473 2377 662 2439 lilcaoarchl
691 2384 884 2458 compactam
913 2386 947 2440 et
973 2386 1151 2441 accuratam

59 2483 151 2550 dmul
166 2503 274 2547 rerum
288 2485 480 2547 Graecarum
501 2486 730 2567 expositionem
750 2487 940 2549 continuisse
958 2492 1150 2549 memorante

61 2592 139 2657 haud
163 2613 334 2674 congruam
356 2611 436 2656 ease.
475 2596 594 2658 Averi
615 2593 731 2655 deinde
751 2595 862 2675 specle
889 2594 984 2677 plano
1013 2594 1148 2658 alienum

63 2709 105 2764 en
123 2701 329 2779 ciceronem,
363 2701 551 2782 simulatque
572 2701 612 2763 ad
634 2697 721 2766 Bion
743 2701 972 2784 perlegendum
994 2704 1146 2766 accessis·

65 2818 115 2887 set,
133 2809 273 2891 singulas
293 2809 363 2891 cJus
383 2816 491 2891 partes
512 2809 588 2872 alias
608 2809 682 2871 alibi
703 2829 827 2890 sparsas
847 2811 1013 2888 hahuisse,
1034 2812 1170 2873 omnis--

67 2934 119 2995 quc
138 2917 193 2981 ills
214 2918 415 3000 conjecturs,
454 2938 515 2998 qus
536 2919 657 3001 singula
677 2914 763 2982 Bion
786 2921 892 3000 capita
913 2921 1007 2981 etiam
1028 2925 1065 2980 ut
1085 2919 1149 2980 sin·

68 3025 122 3102 guli
141 3025 217 3088 llhrl
237 3026 406 3107 separatim
427 3027 621 3103 exstiterint,
653 3027 731 3088 nihil
752 3028 813 3088 uisi
835 3027 1018 3109 conjectura
1039 3033 1097 3087 est.
1111 3017 1147 3112 ⁹)

10 3170 12 3183 ·
69 3127 169 3214 Neque
189 3153 288 3215 porro
311 3140 433 3196 certum
455 3141 518 3213 est,
552 3133 637 3214 quod
658 3134 912 3215 supplementum
934 3134 973 3194 ad
994 3134 1149 3214 genitivos

10 3290 13 3305 .
73 3231 299 3327 lsthqoatov,
329 3233 608 3324 Κορινθίων,“”)
646 3241 841 3327 Ἀθηναίων
862 3241 903 3319 ¹¹)
933 3247 1037 3299 mente
1067 3238 1148 3320 adji-

10 3318 15 3429 ξ
72 3349 204 3413 Quum
224 3353 279 3424 ait;
300 3350 342 3412 dc
362 3347 435 3424 βίος
458 3346 586 3429 quinem
607 3350 742 3424 cogltsrl
763 3353 887 3426 posset,
903 3339 951 3430 ¹²)
973 3345 1029 3405 sest
1051 3346 1148 3427 majo-

10 3442 21 3545 ’ξ
72 3469 125 3519 ren
151 3458 220 3521 seri
248 3460 389 3539 speciem
419 3450 578 3519 πολιτεία
608 3456 668 3519 sihi
698 3453 853 3528 vindicat,
894 3452 978 3532 quod
1008 3452 1148 3514 Osannus

10 3544 25 3641 ἑ
76 3578 185 3648 tuoque
206 3576 240 3629 ct
259 3567 416 3643 Nuclius,
451 3567 496 3627 its
522 3573 626 3627 umen
647 3572 682 3625 ut
704 3563 760 3626 has
780 3555 955 3633 πολιτείας
975 3579 1035 3641 pro
1056 3553 1146 3623 Bion

10 3646 28 3771 ᾗ
75 3675 200 3747 nonies
213 3675 378 3751 haherent,
399 3680 584 3739 statuerunt
617 3672 681 3736 seo
702 3673 763 3733 hae
786 3672 949 3750 quominus
969 3661 1145 3731 πολιτεῖαι

75 3777 103 3840 si
120 3780 304 3843 Dicaearchi
324 3776 412 3844 Bion
432 3781 608 3854 referatur,
628 3781 706 3842 alius
727 3778 891 3841 Ciceronis
911 3779 999 3840 locus
1019 3777 1058 3840 ad
1080 3777 1145 3839 nst

75 3878 146 3966 litt,
163 3887 206 3949 89
233 3889 274 3951 cl.
304 3910 400 3971 supra
429 3909 468 3951 ex
496 3889 633 3951 lectione
663 3886 788 3968 quidem
821 3895 855 3948 et
881 3887 1145 3967 interpretatione

74 3993 128 4075 tius
146 4001 278 4061 maxime
298 3997 471 4079 probabili,
493 3997 576 4075 quod
598 3997 691 4057 etiam
712 3994 849 4056 Naelins
870 3994 950 4055 hene
972 3993 1146 4074 perspexit,

10 4172 18 4179 ,
73 4099 282 4185 inpedimento
310 4114 368 4166 est.
396 4106 587 4166 'Praeterea
613 4104 644 4164 in
674 4100 729 4164 illo
759 4101 921 4163 Ciceronis
950 4101 1021 4159 loco
1049 4115 1146 4174 supra

12 4270 18 4284 -.
71 4215 217 4296 ascripto
238 4234 279 4275 uc
301 4215 457 4275 minimum
487 4209 613 4290 quidem
641 4209 789 4271 indicium
820 4211 916 4280 inest,
951 4201 1035 4282 quod
1065 4221 1145 4281 qnae

69 4317 104 4381 itt
129 4329 341 4384 memorantur
368 4323 487 4400 scripta
514 4314 602 4381 Bion
631 4319 680 4378 vel
710 4318 788 4378 alius
817 4313 941 4374 omnino
963 4311 1071 4390 operis
1091 4310 1146 4371 Di·

63 4431 222 4490 mearclsei
240 4440 351 4512 portes
372 4429 498 4488 inerint.
548 4428 692 4487 Attamen
714 4426 775 4483 hoc
798 4421 865 4480 veri
887 4418 1073 4478 simillimum
1096 4424 1145 4478 est

10 4526 13 4555 '
62 4546 91 4598 ct
106 4538 316 4598 Dicaearchus
338 4537 378 4596 de
401 4536 577 4597 civitatibus
595 4534 726 4593 Graccis
748 4546 919 4605 eurrnmqne
934 4526 1043 4587 formis
1065 4543 1145 4605 opus

57 4648 282 4726 composuisse,
304 4647 392 4730 cujus
413 4653 520 4726 partes
541 4643 614 4705 illuc
635 4640 807 4702 πολιτεῖαι
824 4635 952 4713 inerint,
973 4637 1047 4695 satis
1069 4649 1144 4712 pro-
