2610 5228
418 718 792 797 ...105—

55 911 226 986 temporibua
241 910 373 965 alimento
389 912 542 967 Dodsrellus
559 914 601 967 itt.
620 922 639 967 t.
658 914 696 976 ll.
716 930 744 983 p.
755 916 791 971 38
807 911 908 967 haeeoe
924 912 1070 967 memoriae
1086 930 1151 985 pro·

57 1008 136 1063 didit.
172 1007 227 1061 lies
243 1006 353 1075 glande·
370 1008 441 1062 ilicis
457 1008 543 1080 (opud
562 1008 645 1062 ltalor
661 1008 760 1077 lieino)
786 1008 831 1061 vel
846 1024 979 1079 quereus,
1010 1024 1081 1079 quae
1102 1025 1151 1081 per

58 1120 165 1159 omnem
176 1120 275 1156 annuus
294 1103 389 1157 viridis
405 1114 535 1167 maneret,
554 1104 656 1158 lroetus
674 1102 862 1171 intelligendos
879 1120 936 1157 ease
952 1102 986 1157 el.
1001 1103 1070 1155 l’lin.
1084 1101 1112 1155 h.
1123 1118 1151 1155 n.

57 1199 128 1263 Vll,
144 1199 188 1254 56.
224 1199 338 1266 Scythas
365 1199 508 1253 seeundum
534 1200 576 1253 Ol.
594 1202 681 1267 Magn.
700 1200 784 1253 Goth.
805 1198 867 1251 hell.
887 1206 937 1263 12,
963 1204 987 1253 α’.
1005 1199 1031 1253 6.
1053 1214 1152 1270 penem

59 1309 92 1346 ex
108 1292 249 1361 glandibus
269 1294 363 1345 iecisse
380 1301 409 1347 et
426 1294 560 1357 Arcades,
579 1294 606 1345 id
624 1292 697 1366 quod
714 1304 779 1347 sutss
797 1302 889 1346 notum
909 1302 967 1357 est,
994 1293 1023 1344 iu
1041 1288 1151 1345 oraeulu

58 1387 192 1458 Delphico
218 1388 291 1459 apud
318 1389 482 1441 Herodotum
507 1387 602 1464 ἄνδρας
624 1388 821 1463 βαλανηφάγους
848 1387 990 1441 nominari.
1033 1385 1152 1439 Glandea

56 1490 160 1544 sotem,
186 1500 254 1554 quus
276 1482 393 1537 Arcades
416 1482 610 1548 comedissent,
636 1501 670 1536 ex
689 1484 837 1535 Pausaniae
861 1483 990 1535 relatione
1008 1482 1042 1533 ad
1060 1481 1151 1548 singu-

55 1576 110 1631 lsre
129 1593 277 1649 quercuum
296 1594 396 1644 genus,
415 1578 526 1633 nomine
543 1584 626 1653 φηγόν
643 1580 810 1650 pertinuisse.
837 1578 988 1631 Secundum
1007 1577 1151 1643 Virgilium

55 1672 165 1740 glandes
183 1672 353 1742 Epirotarum
376 1680 405 1725 et
427 1674 573 1726 recundum
593 1673 752 1727 Strabonem
771 1672 907 1725 lberorum
933 1672 1025 1727 eibum
1051 1670 1149 1739 ίυίειας

55 1769 124 1821 sieut
149 1767 232 1821 etism
254 1768 416 1823 Srrinburoii
443 1780 532 1823 setote
557 1769 680 1837 glandem
707 1768 880 1841 proecipusm
905 1768 1027 1820 alimenti
1045 1774 1151 1838 partem

55 1861 135 1929 vulgo
152 1862 180 1915 in
201 1862 329 1930 ilisprnia
349 1864 512 1935 praebuisse.
556 1862 693 1917 loterdum
712 1873 802 1917 tamen
819 1864 901 1916 etiam
918 1860 1047 1935 βαλάνους
1063 1860 1151 1913 Grae·

55 1972 147 2010 eoru·
165 1965 193 2010 et
218 1958 397 2011 Romanorum
423 1959 533 2027 glandes
555 1976 638 2014 nuees
665 1967 807 2013 castaneas
830 1956 1017 2024 intelligendas
1040 1972 1098 2009 esre
1121 1960 1150 2009 el

55 2050 200 2104 seeundum
219 2052 387 2106 Gronovium
411 2071 426 2105 a
445 2052 556 2125 Diphilo
578 2064 718 2107 eastuoeas
735 2058 865 2127 βαλάνους
881 2049 1043 2127 Σορδιανοῦς
1060 2050 1150 2103 nomi·

55 2146 120 2197 uari.
153 2146 185 2199 ln
204 2146 297 2199 ltaliae
315 2150 498 2219 septentrione
524 2151 697 2219 pauperiores
714 2149 838 2201 hominen
855 2148 909 2200 iere
927 2148 991 2199 solis
1008 2142 1150 2198 ‘castaneis

55 2240 124 2293 vesei
142 2247 172 2293 et
189 2238 217 2291 in
235 2242 347 2293 civitate
365 2243 546 2294 eeclesiastico
562 2243 681 2293 Romanu
698 2243 727 2293 in
747 2258 810 2308 agro
829 2240 967 2305 Segniensi
985 2238 1052 2291 adeo
1065 2254 1163 2309 equos¹

53 2341 80 2385 et
105 2351 168 2386 suos
193 2334 227 2384 iis
250 2334 285 2385 ali
312 2336 405 2385 solere.
451 2336 598 2385 Pausaniae
622 2334 738 2401 denique
763 2350 843 2404 quem
867 2333 980 2399 allegari
998 2331 1086 2384 locum
1105 2328 1152 2383 ad·
1182 2364 1186 2371 -

52 2427 146 2479 aeribo
163 2426 247 2488 vni,
268 2432 291 2478 t.
316 2430 361 2481 ναλ
385 2424 417 2498 δὴ
444 2432 489 2481 soi
511 2426 562 2482 νῦν
585 2425 688 2498 φῦλλυν
708 2425 741 2482 νῦ
760 2433 798 2482 ίαν
811 2425 898 2502 χλωροὶ
917 2432 961 2483 eol
977 2432 1044 2491 udae
1060 2449 1089 2482 re
1105 2430 1151 2483 snt

53 2525 127 2595 ῥίζας
144 2514 206 2575 orislt
222 2524 374 2591 ίδαελίμους,
400 2516 466 2576 ἄλλα
484 2515 622 2594 ὀλεθρίους
638 2525 705 2584 ίνίας
722 2526 889 2592 οιτουμίνους
912 2519 975 2585 τοῦς
992 2515 1151 2595 ἇνθφόπους

53 2614 151 2672 τοῦτον
173 2619 223 2685 μὶν
247 2619 355 2670 ίπαυαεν
378 2609 562 2686 ὅΠελαογὸς·
593 2610 608 2668 si
633 2619 662 2671 tt
683 2613 731 2669 νῦν
753 2613 851 2687 superis
867 2614 919 2670 sois
935 2613 1018 2689 δρυῦν
1034 2612 1093 2671 ories
1107 2638 1149 2673 ssu

55 2707 152 2775 εαοῦν,
170 2703 237 2763 dud
253 2706 301 2772 ιῦς
318 2712 447 2779 βαλάνους
463 2708 508 2778 τῆς
525 2708 609 2780 φηγοῦ
627 2706 724 2783 τροφὴν
740 2710 838 2784 ἐξεῦρεν
854 2714 927 2767 εἶναι.
951 2716 1102 2784 παρίμεινίν
1117 2732 1148 2767 τε

55 2807 126 2866 ἐνίοις
143 2809 169 2866 ίς
184 2802 314 2858 τοσοῦτον
330 2799 382 2859 tirso⁸
401 2801 539 2872 Πελασγοῦ
556 2799 653 2859 τοῦτου
668 2798 686 2876 ἦ
704 2808 805 2868 δίαιτα,
833 2799 868 2866 ῦς
891 2809 937 2860 sul
959 2803 1009 2876 esis
1025 2810 1148 2869 Πυθίαν,

55 2892 126 2967 ivisse
142 2900 357 2969 Λακεδαιμονίοις
373 2896 422 2968 γῆς
438 2897 486 2968 τῆς
500 2894 629 2972 Ἀρκάδων
646 2894 820 2974 ἀπηγόρευσεν
842 2896 988 2964 ἅπτεσθαι,
1017 2904 1062 2955 καί
1084 2896 1148 2955 sits

55 2994 127 3047 dssts
143 2989 177 3047 νῦ
194 2996 256 3061 ἔπη·
286 2995 377 3046 αολλολ
393 3000 419 3047 dv
432 2987 552 3067 ’dpsodlp
567 2999 746 3066 βαλανηφάγοι
763 2991 853 3066 ἄνδρες
870 2998 953 3057 ἔασιν,
977 2994 1014 3047 Ol'
1027 2989 1055 3050 α’
1074 2989 1147 3049 eino-

55 3083 222 3143 εαλῦυουοιν·
247 3086 296 3159 lysi
321 3092 352 3145 δί
373 3110 415 3145 τοι
431 3086 490 3145 orire
505 3096 627 3164 μεγαίρω.
656 3118 685 3129 -
714 3086 835 3141 heiskius
853 3096 881 3138 et
900 3088 1030 3140 Rhoetiua
1046 3085 1065 3143 ἅ
1082 3094 1146 3139 ente

55 3184 82 3233 sl
97 3185 158 3251 μίν
176 3180 388 3233 intercalandum
401 3190 571 3234 censuerunt.
590 3210 622 3221 -
642 3183 692 3233 Pro
703 3181 809 3245 rolpoto
827 3180 867 3235 τὰ
884 3178 988 3235 πολλοὶ
1007 3180 1146 3232 eominus

55 3272 176 3343 equidem
192 3274 232 3329 νῦ
248 3274 368 3333 παλαιά
387 3277 532 3328 rescribere
552 3274 690 3335 dubitari,
726 3273 799 3342 quod
827 3272 879 3323 hoc
904 3272 984 3321 otium
1004 3273 1032 3322 in
1049 3271 1147 3325 codiee

54 3364 180 3439 lipsiensi
198 3377 227 3422 et
246 3370 453 3422 hlurmnnniono
472 3368 609 3438 reperitur.
629 3394 661 3405 -
688 3366 769 3435 Quod
789 3364 920 3416 hhoerius
937 3364 971 3415 ud
989 3364 1051 3419 seis
1065 3386 1148 3437 χρη.

55 3466 150 3535 ιίμιεν
167 3463 314 3528 genitivum
331 3488 360 3519 ss
377 3471 424 3515 uut
437 3469 527 3513 mente
538 3469 584 3511 sut
595 3459 741 3512 scribendo
760 3458 822 3509 oddi
836 3457 934 3510 debere
948 3460 1060 3521 censuit,
1081 3476 1142 3511 neu·

57 3556 116 3609 hius
134 3556 260 3629 equidem
280 3557 407 3621 tutionis,
433 3556 561 3628 quonium
580 3553 765 3619 κατανοοῦντες
782 3552 936 3625 praecedit,
962 3554 1145 3607 necessitatem

57 3646 180 3717 intelligo.
217 3653 273 3705 lieo
291 3654 373 3716 ungis
392 3651 525 3723 approbo,
546 3650 619 3722 quod
638 3651 709 3703 idem
727 3667 768 3702 νιν
786 3649 952 3701 doctissimus
969 3668 1021 3721 pro
1036 3649 1147 3724 μακά.

57 3750 120 3817 ριίν
135 3768 171 3802 τε
195 3746 335 3811 legendum
355 3751 460 3802 censuit
483 3743 649 3821 μακάριόν
672 3767 715 3818 γε.
734 3774 765 3783 -
791 3745 842 3797 Pro
860 3740 1093 3820 ἀφηγουμένου
1116 3745 1145 3800 lu

56 3838 145 3893 todiee
164 3838 296 3911 lipsiensi
313 3838 476 3915 ἆρηγουμένη
494 3849 594 3905 osstrt,
615 3840 743 3892 hhoerios
760 3835 926 3913 ἀφηγούμενοι
944 3843 1078 3909 conjecit,
1098 3840 1145 3897 sed

57 3930 131 3986 lectio
147 3936 254 4000 vulgate
274 3938 377 4006 optimo
397 3939 454 4001 jure
472 3935 579 3987 retineri
597 3952 674 4004 posse
695 3934 759 3986 mihi
777 3935 888 3988 videtur.
907 3964 943 3995 -,
965 3937 1077 3989 Ratione
1096 3954 1146 3989 no-

58 4026 99 4077 stri
115 4028 170 4083 loci
182 4028 359 4081 Dicaearchei
377 4028 449 4099 apud
469 4027 643 4097 Porphyrium
662 4026 766 4087 habitu,
786 4030 864 4095 cujus
883 4027 992 4081 dicendi
1012 4028 1146 4079 rationem

59 4120 242 4190 honoramus,
278 4143 432 4197 quanquam
456 4143 538 4195 usque
563 4124 596 4175 ud
621 4131 736 4181 ίνίπεσον
760 4130 826 4189 ridor
850 4124 1037 4178 tantummodo
1057 4136 1145 4190 neque

59 4216 129 4282 igitur
147 4220 258 4290 plenum
278 4221 434 4291 proposuit,
469 4216 689 4284 elegantissimum
716 4220 774 4285 jure
800 4217 984 4289 praedicavit,
1013 4214 1145 4267 Prelleroa

59 4309 178 4366 incitata
204 4318 360 4368 recensione
387 4316 540 4387 opinionum
567 4314 634 4366 dicit
658 4313 727 4384 apud
747 4316 865 4363 Groeoos
892 4310 926 4359 oh
945 4309 1062 4380 antiquis
1081 4308 1144 4361 iude

60 4409 215 4477 lemporibus
235 4412 368 4475 vulgatum
394 4420 420 4463 et
444 4429 492 4481 per
511 4409 669 4463 Dicuearohi
690 4411 779 4460 Vitam
803 4409 829 4457 in
857 4394 994 4458 historiam
1014 4407 1144 4457 Graecum

60 4512 184 4573 receptam
210 4505 243 4555 de
263 4507 347 4574 primu
367 4505 487 4557 ruditatis
506 4514 593 4557 setste
612 4513 639 4556 et
658 4503 691 4555 de
710 4518 806 4567 genere
824 4500 941 4552 homuno
960 4518 1007 4570 per
1026 4499 1143 4568 agricul-

59 4600 135 4648 turam
159 4605 187 4648 et
213 4596 395 4650 institutiones
422 4599 538 4664 sgrurias
566 4599 650 4649 sltero
676 4612 743 4648 seso
767 4594 872 4647 erudito
900 4601 928 4646 et
953 4594 1067 4648 exculto.
1114 4592 1143 4646 Si

59 4685 227 4746 lluttmonous
244 4692 361 4763 denique
387 4692 475 4745 locum
493 4691 703 4745 Dieaesrcheom
732 4689 810 4742 initio
834 4688 860 4743 io
886 4689 1007 4743 oratioue
1032 4686 1143 4758 ohliquu
