2610 5228
414 727 636 887 -stor
690 808 819 873 ··*.

36 970 193 1055 ,nuntiari
214 975 316 1046 rotet,
344 969 395 1033 bis
420 969 529 1033 verbis
556 974 710 1051 pergatur
740 969 905 1033 usonem
935 969 1148 1033 efficientibus

56 1068 147 1164 πλὴν
170 1065 427 1139 introitum&
456 1072 646 1158 τοῦλόγου
669 1072 904 1165 προβήσομαι.
956 1079 1056 1158 Quem
1078 1096 1147 1141 ser·
1266 1094 1281 1119 ·

54 1211 136 1267 sum,
156 1198 191 1252 ut
212 1190 317 1253 obiter
330 1204 483 1267 monam,
497 1191 619 1251 Gailius
639 1190 804 1252 falsissime
825 1190 981 1252 intellexit
992 1191 1149 1262 itninter·

56 1306 215 1380 pretatur:
245 1307 408 1375 „ceterum
429 1298 469 1360 ad
489 1298 644 1378 reliquam
666 1300 760 1380 hujus
781 1299 932 1361 orationis
953 1305 1075 1377 partem
1097 1315 1149 1357 re·

53 1410 183 1471 vertrr“
212 1406 345 1487 ejusque
373 1408 520 1487 promissi
550 1406 646 1467 fldem
675 1406 807 1468 solutam
829 1424 899 1468 esse
919 1404 1089 1467 arbitratus
1109 1422 1149 1465 eo

28 1516 225 1596 .frogmenti
256 1517 393 1596 prosaici
417 1516 510 1587 loeo,
540 1516 595 1576 ubi
623 1515 662 1575 da
693 1513 835 1577 Helladis
865 1498 1009 1579 terminie
1039 1512 1149 1575 itidem
1254 1580 1260 1593 ‚

56 1625 237 1704 exponitur.
287 1624 386 1702 Quam
408 1633 517 1684 contra
539 1623 781 1703 explicationem
802 1643 842 1684 ne
864 1623 942 1696 alia,
963 1623 1046 1684 sicut
1065 1622 1150 1700 quod

55 1734 237 1812 prosaicum
276 1741 308 1793 et
339 1734 500 1812 poeticum
527 1731 734 1813 fragmentum
763 1732 848 1794 nullo
882 1731 977 1812 plane
1007 1749 1150 1792 connexu

54 1840 142 1901 inter
162 1858 197 1899 sc
218 1841 374 1901 contineri
397 1848 564 1921 apparent,
584 1838 645 1903 hoe
667 1838 739 1902 loeo
752 1856 905 1915 moneam,
923 1838 957 1900 id
980 1856 1074 1900 nuum
1095 1837 1152 1899 ud·

55 1955 182 2007 notasse
204 1946 386 2020 suffecerit,
418 1944 503 2026 quod
524 1942 710 2024 προβαίνοι
732 1946 829 2009 verbo
851 1946 1033 2024 neutiquam
1054 1945 1151 2026 signi-

56 2052 147 2113 ficari
168 2055 310 2132 potuerit
327 2057 453 2114 reverti.
495 2054 565 2132 Quo
588 2073 686 2135 porro
708 2053 803 2117 modo
824 2054 865 2114 de
886 2054 1076 2135 gravissimis
1097 2072 1152 2113 ur·

57 2160 158 2233 bibus,
179 2161 345 2235 montibus,
366 2161 480 2236 fluviis,
502 2162 611 2223 insulis
633 2171 666 2223 et
680 2164 805 2224 omnino
819 2163 914 2225 rebus
927 2161 1152 2243 geographicis

57 2268 250 2329 disserituri
294 2269 362 2329 Non
383 2270 485 2330 minus
506 2269 651 2341 confuse,
682 2288 774 2348 quam
795 2272 939 2332 strictim.
986 2269 1074 2331 Nihil
1096 2268 1151 2328 de·

55 2377 223 2449 scribitur,
244 2377 321 2437 nihil
343 2395 448 2436 rerum
471 2377 718 2441 memorabilium
738 2377 922 2452 adnotatum
944 2379 1083 2439 numeris
1103 2379 1150 2436 in·

57 2482 203 2544 dicantur
232 2484 374 2544 locorum
400 2486 539 2545 interae
561 2483 727 2545 distantiae
755 2480 952 2565 ambitusque
975 2456 1151 2564 promocio·
1260 2506 1263 2511 ·

56 2612 138 2665 rum,
159 2599 254 2670 atque
276 2591 328 2653 hic
352 2592 417 2651 illic
438 2599 567 2671 praeter
588 2594 713 2654 nomina
734 2592 857 2654 urbium
879 2594 1003 2653 nomina
1023 2610 1151 2655 errrrme·

55 2707 167 2761 rantor
180 2700 311 2781 alicujus
324 2701 448 2775 montis,
470 2701 567 2776 ilusii,
587 2707 710 2781 portua,
729 2703 849 2782 templi.
891 2702 1036 2764 Omnium
1052 2704 1152 2765 instar

56 2828 138 2870 unns
159 2807 246 2869 iocos
269 2809 321 2869 ubi
345 2808 385 2869 de
406 2808 551 2870 Lebadea
574 2820 607 2870 et
628 2810 806 2890 Trophonii
828 2813 956 2874 oraculo
978 2830 1081 2895 sermo
1102 2818 1153 2893 eat
1237 2862 1241 2871 .

50 2920 121 2999 jam
142 2916 293 2977 sullicere
316 2925 433 2996 posset.
476 2919 596 2980 Auctor
616 2936 660 2980 rs.
680 2919 723 2980 et
743 2938 790 2998 aq.
813 2919 892 2981 dicit
913 2914 1016 2994 πόλις
1035 2917 1151 2992 Λεβα-

55 3026 117 3087 ὂιά
146 3024 203 3086 καὶ
222 3015 571 3108 ἱερὸνΤροφωνίου,
593 3016 707 3088 ‘'On'co
741 3016 782 3087 cd
813 3033 984 3107 porteion
1012 3019 1151 3105 λέγουσι
1274 3024 1277 3029 ’

54 3122 246 3214 γεγονέναι.
289 3133 416 3195 llaeoce
439 3133 683 3207 Dicaearchum,
710 3151 804 3212 quem
825 3152 864 3194 eo
887 3133 927 3193 de
949 3136 1078 3196 oraculo
1099 3154 1152 3197 ee*

54 3244 198 3304 curatius
219 3242 321 3322 egisse
343 3260 438 3322 snpra
459 3239 612 3315 uidimus,
642 3241 792 3321 proferre
812 3240 904 3320 plane
925 3259 987 3301 non
1011 3244 1151 3320 potuisse

47 3351 121 3433 jam
143 3351 397 3411 llemsterhusius
418 3348 457 3409 ad
480 3349 556 3410 Luc.
577 3348 618 3409 lll
639 3356 663 3409 t.
684 3347 707 3423 l,
728 3366 760 3427 p.
780 3347 845 3409 339
868 3347 1028 3409 adnotavit
1050 3368 1151 3427 eaque

54 3462 91 3520 in
121 3459 275 3519 sententia
296 3458 436 3519 Murrius
465 3458 496 3517 ei
525 3458 640 3517 merito
668 3453 879 3536 sdstipulatus
899 3464 958 3518 est.
999 3455 1034 3519 st
1055 3475 1149 3537 pepo-

55 3555 155 3629 νὲναι
175 3566 342 3645 praeteriti
363 3565 593 3645 significatione
612 3565 820 3642 interpretari
841 3563 995 3644 placeret,
1017 3582 1151 3644 excerp-

53 3682 161 3737 torem
189 3676 418 3756 conjiceremus
447 3674 525 3734 baec
556 3674 713 3734 elocutum
745 3691 815 3734 esse
844 3674 970 3735 ratione
995 3692 1051 3734 suo
1074 3692 1151 3735 aero

54 3801 217 3862 congrus,
250 3799 312 3861 quo
339 3800 416 3841 aero
437 3780 615 3862 'l‘rophonii
645 3782 806 3842 oraculum
827 3798 889 3844 nou
913 3781 981 3863 jam
1003 3789 1151 3842 exstaret

55 3891 161 3953 Simili
181 3890 276 3950 modo
297 3890 419 3967 reliqna
447 3890 517 3949 iere
539 3891 640 3950 omnis
664 3908 723 3968 per
745 3888 947 3970 anmapben
968 3908 1003 3951 se
1024 3890 1150 3959 babent,

56 4000 102 4057 ule
124 3998 228 4059 serbis
256 4010 289 4059 et
319 3998 494 4059 nominibus
523 3998 632 4058 dicere
660 3982 753 4074 licet,
790 4016 851 4059 non
889 3998 967 4059 licet
1002 3998 1043 4056 de
1079 4017 1150 4058 aen·

55 4107 167 4165 tentiis
197 4109 297 4178 sanis,
332 4103 445 4165 nedum
485 4105 525 4163 de
555 4106 720 4165 sententiis
749 4103 990 4185 philosophicis.
1051 4106 1149 4182 Atqui

56 4214 262 4273 Buttmannus
282 4213 472 4292 scriptorem
493 4213 614 4272 monuit
634 4214 665 4271 in
688 4213 852 4291 prooemio
873 4230 907 4272 se
929 4210 1151 4289 philosophica

56 4327 165 4379 mente
191 4320 342 4380 imbutum
372 4320 557 4379 declarasse.
607 4319 712 4396 insupt
734 4321 773 4395 ,in
805 4318 968 4396 prooemio
996 4318 1149 4395 quaedam

57 4426 302 4507 philosophica,
323 4427 379 4487 sed
402 4427 480 4488 haec
503 4446 562 4486 non
586 4430 617 4486 in
641 4426 883 4505 cogitationibus
903 4426 1091 4505 spectanda,
1117 4430 1176 4487 in·

57 4537 165 4596 verbis
188 4538 293 4616 potins
314 4537 468 4597 nonnullis
497 4546 530 4596 et
557 4534 684 4595 dicendi
709 4533 881 4594 rationibus
903 4553 941 4593 er
963 4532 1149 4596 Dicaearchi
1182 4572 1203 4601 ,-

55 4663 161 4723 opere
181 4645 316 4725 genuino
338 4644 473 4705 tortasse
493 4645 659 4722 surreptis.
712 4644 774 4701 sua
801 4639 863 4701 sibi
885 4641 1000 4702 deinde
1022 4645 1148 4720 penitus
1218 4642 1223 4649 '

10 4806 41 4839 ,,
55 4752 227 4846 singularia
241 4760 351 4814 auctor
371 4750 467 4811 habet
482 4753 606 4811 nomina
619 4749 844 4829 geographica,
866 4768 947 4829 quac
968 4759 1147 4812 ceterorum
