2610 5228
427 782 799 857 -229—

63 976 130 1041 anl
151 938 336 1061 Ὠρώπιοι,
359 965 493 1040 ἔνδειαν
514 973 579 1039 τοῦ
600 989 622 1039 σ
641 975 840 1053 ποιοῦντες,
868 974 1011 1040 δασεῖαν
1029 972 1159 1064 χοροῖο·

64 1100 169 1148 τουσι
191 1091 261 1158 τοῖς
282 1074 546 1167 ἐπιφερομένοις
567 1074 761 1169 φωνήεσιν,
785 1078 833 1157 ὠς
854 1079 910 1146 ἐπὶ
929 1082 994 1148 τοῦ
1008 1077 1160 1173 Ιποιῆσαι

66 1188 201 1280 moesiae.
252 1193 439 1255 Etiamnunc
471 1191 592 1272 aliquot
619 1191 722 1274 Oropi
756 1192 874 1256 ruslera
910 1195 1161 1276 conspiciuntur,

66 1318 257 1363 marmorum
277 1301 454 1382 fragments
474 1305 507 1362 et
528 1299 611 1362 arcis
631 1303 788 1365 moenium
808 1301 1010 1364 fundamenta
1026 1308 1060 1364 et
1072 1302 1161 1367 mous
1181 1302 1185 1312 '
1251 1322 1255 1330 ’

68 1409 126 1487 qni
153 1409 187 1473 in
214 1408 329 1488 antidi
352 1410 459 1473 locum
484 1411 639 1473 suecessit
656 1411 751 1492 Ropo
782 1411 961 1492 appellatur
990 1408 1031 1472 ei.
1052 1404 1161 1473 Bada.

66 1522 90 1577 t.
112 1514 156 1593 ll,
178 1515 215 1592 l⁴
234 1515 305 1577 255.
353 1516 588 1598 Antiquissimis
609 1517 753 1598 quidem,
784 1514 918 1599 quorum
946 1517 986 1581 ssi
1014 1537 1072 1583 nos
1098 1519 1160 1581 hac

64 1627 99 1688 in
120 1644 158 1686 re
179 1626 290 1687 notitia
310 1625 434 1706 pcrlsts
455 1632 522 1702 est,
553 1626 768 1707 temporibus,
799 1629 902 1708 primo
923 1627 1009 1690 bello
1029 1627 1162 1690 Persico

63 1733 209 1815 Oropum
226 1734 464 1798 Atheniensium
485 1735 584 1798 iniere
598 1735 782 1797 Herodotus
801 1736 956 1798 annuntia
975 1736 1083 1799 seriola
1102 1736 1162 1798 ‹to-

65 1846 121 1903 eet
148 1840 293 1917 Vt‚1oo
328 1835 544 1927 προσεδέετό
581 1861 619 1906 τε
654 1836 951 1907 ἀπαλλάσσεσθαι
981 1857 1094 1919 σωεας
1121 1839 1161 1921 ἐς
1280 1898 1294 1915 .

63 1938 140 2034 τήν
170 1941 393 2038 σφετέρην,
427 1947 486 2016 ἵνα
516 1940 565 2038 μή
596 1943 910 2036 προσαπόλωνται.
942 1951 977 2015 οἱ
1003 1942 1161 2039 δὲἈθη-

65 2062 161 2120 ναῖοι
183 2056 295 2121 ταῦτα
316 2054 459 2145 Αἰσχίνῃ
481 2049 779 2145 συμβουλεύσαντι
796 2056 998 2123 πείθονται·
1021 2058 1083 2123 καὶ
1104 2041 1162 2122 ον’-

64 2183 124 2227 τοι
154 2155 217 2246 μὲν
247 2155 437 2240 διαβάντες
469 2160 503 2239 ἐς
522 2157 686 2248 Ὠρωπὸν
717 2158 853 2242 ἔσωζον
883 2157 994 2250 σφέας
1022 2159 1162 2239 αὐτούς.

64 2272 153 2335 Num
170 2274 253 2334 enim
275 2271 400 2348 Graes,
431 2270 517 2350 qnod
538 2272 693 2353 oppidum
712 2272 842 2335 Homer.
864 2273 898 2334 ll.
919 2270 964 2349 β,
984 2272 1048 2334 4OE
1077 2272 1162 2334 inter

63 2380 220 2442 Boeotios
247 2384 522 2439 commemoratum
550 2385 614 2455 est,
651 2396 723 2440 eum
751 2372 925 2442 Aristotele
955 2379 996 2447 ui.
1018 2378 1162 2443 nassutti.

62 2487 105 2549 sd
129 2487 149 2545 l.
173 2486 193 2546 l.
223 2504 283 2565 pro
313 2484 423 2566 Oropo
450 2485 636 2566 accipienda
664 2487 707 2549 sit
727 2479 769 2573 *)
790 2495 841 2566 et,
875 2488 959 2549 sicut
984 2488 1045 2549 viri
1075 2485 1164 2551 alootl

62 2593 139 2656 iude
163 2591 356 2669 effecerunt,
378 2592 463 2673 spnd
484 2593 747 2671 Thucydidem-l.
767 2596 805 2670 ll,
826 2612 855 2654 n.
869 2595 912 2657 28
932 2597 1002 2679 egri
1023 2595 1161 2677 Oropio·

65 2714 152 2776 mm,
175 2716 268 2780 quem
289 2701 351 2780 ipsi
370 2699 615 2763 Atheniensibus
635 2708 867 2779 eoncessersnt,
885 2723 1000 2768 nomen
1024 2699 1058 2769 Γ
1054 2692 1162 2788 ρααιῆ

36 2826 39 2831 ·
66 2827 170 2889 neque
191 2827 267 2869 vero
296 2806 382 2887 quai
411 2808 504 2890 uulgo
530 2807 650 2889 legitur
677 2799 848 2894 Hcepniitp'
868 2808 930 2892 **)
959 2808 1160 2874 statuentium

66 2919 106 2979 sit
127 2916 169 2978 ci.
190 2916 228 2978 0.
248 2915 387 2979 Mueller
406 2913 555 2979 (irnham.
576 2934 610 2997 p.
629 2914 701 2981 tlt.
721 2916 784 2979 4⁹2
797 2911 897 3003 ***),
929 2936 1033 2998 seque
1052 2919 1159 2980 ineer-

67 3031 131 3087 tsm
159 3032 209 3087 eat
235 3030 330 3104 atqua
358 3030 501 3106 tempus,
538 3042 600 3104 qno
621 3024 748 3107 Oropus
769 3058 809 3073 -
832 3044 924 3104 quam
944 3025 1088 3089 Melerns
1117 3025 1157 3088 sb

67 3133 156 3195 initio
178 3132 368 3196 Boeotorum
386 3132 486 3196 inisse
506 3149 569 3195 non
589 3133 690 3194 solum
718 3151 757 3195 ex
776 3132 949 3194 Pausaniae
975 3131 1158 3194 testimonio
1183 3204 1185 3209 .

66 3240 145 3316 tat
163 3234 344 3305 Βοιωτίαν
367 3230 408 3302 τὸ
429 3233 467 3316 ἐξ
488 3234 596 3322 ἀρχῆς
617 3219 728 3301 οὖσαν
749 3236 805 3297 sed
828 3237 922 3297 etiam
943 3228 1158 3315 cumularem
1244 3270 1247 3275 ·

66 3350 119 3428 nui
140 3347 215 3411 ollm
235 3348 297 3410 init
317 3348 468 3410 Boeotiae
496 3346 663 3422 ambitum,
699 3343 859 3407 contraris
887 3338 1087 3437 aDoduullo
1117 3341 1158 3430 cle

64 3500 310 3516 m

112 3598 143 3665 ')
160 3598 275 3651 Pausan.
294 3595 346 3660 1x,
366 3596 401 3650 20
417 3593 570 3663 Tanagrum
588 3600 677 3647 narrat
695 3608 710 3644 a
729 3587 890 3645 Poemandri
907 3587 1055 3645 conditoris
1073 3604 1157 3643 uxore

159 3692 328 3744 nominatam
347 3688 442 3753 inisse,
461 3697 555 3760 postea
573 3694 678 3749 autem,
711 3702 792 3757 qaum
811 3684 858 3736 illa
876 3695 1093 3752 consenesceret,
1110 3685 1156 3738 ¹ab
1246 3682 1251 3691 '

161 3790 247 3861 Γραῖα
267 3800 366 3837 nomen
383 3782 518 3854 accepisse
536 3783 627 3854 itaque
650 3778 721 3851 apud
740 3780 885 3834 Homerum
908 3783 1112 3835 commemorari
1129 3786 1158 3833 et

161 3878 256 3948 aliquo
273 3877 380 3929 demum
397 3884 518 3947 tempore
535 3877 676 3943 interjecto
695 3874 837 3945 pristinam
856 3891 954 3929 nomen
972 3878 1117 3949 recepisset

98 3989 145 4058 “)
162 3988 303 4043 Piraeeum
333 3987 459 4043 conferas
482 4004 540 4041 non
565 3987 598 4040 de
623 3987 681 4041 solo
704 3987 869 4042 Athenarum
895 3995 975 4060 portu
1002 3972 1157 4061 usurpatum

161 4084 251 4139 Time.
272 4078 357 4146 Vlll,
383 4090 425 4141 10·
458 4081 582 4154 Xenoph.
607 4083 683 4148 eges.
705 4084 739 4148 2,
759 4089 800 4143 t&
836 4082 940 4137 Hellen.
967 4083 1021 4143 IV,
1047 4099 1075 4152 p.
1093 4080 1155 4138 306.

161 4178 251 4233 Strsb.
264 4180 326 4245 xit,
346 4198 371 4250 p·
385 4178 445 4237 ⁵47.
469 4176 562 4250 Steph.
582 4177 645 4246 Byz.
661 4196 681 4231 s.
695 4195 719 4233 v.
739 4178 879 4246 (Piraeeus
897 4173 1052 4232 Corinthius
1070 4182 1157 4227 utrum

160 4275 192 4327 in
209 4276 271 4328 sinu
289 4275 409 4329 crissaeo
428 4291 462 4328 an
480 4275 509 4327 in
523 4273 653 4328 Saronico
671 4271 846 4328 collocandus
864 4271 908 4335 sit,
926 4266 1044 4322 dubitari
1059 4273 1157 4340 potest.

159 4368 269 4441 Duplex
288 4369 399 4422 sortasse
418 4367 520 4432 estitit,
541 4367 678 4441 antiquior
695 4369 723 4420 in
741 4365 887 4425 Saronico,
908 4365 936 4416 iu
956 4363 1078 4416 Critsaeo
1095 4362 1157 4416 sinu

159 4464 309 4532 recentior)
334 4472 362 4516 ot
386 4471 489 4515 tanturn
516 4480 572 4514 non
592 4461 785 4534 appellativum
809 4458 922 4511 sortasse
946 4474 1062 4524 nomen,
1094 4472 1156 4511 cum

57 4556 61 4565 '
160 4566 243 4634 ntpns
261 4556 389 4611 adverbio
408 4554 443 4614 ci.
460 4554 548 4608 Strab.
567 4557 590 4620 l,
602 4572 628 4629 p.
637 4557 672 4613 59
691 4554 733 4606 vel
750 4568 811 4606 cram
828 4549 939 4627 πρραιὸρ
956 4546 1157 4607 collocandam.

79 4670 141 4744 m)
158 4670 287 4724 Ceterum
306 4670 350 4723 hic
370 4668 539 4723 doctissimus
556 4668 598 4721 sis
617 4668 731 4722 Gnaeum
748 4665 821 4719 inter
833 4664 983 4736 Tanagram
1002 4674 1030 4722 st
1038 4665 1157 4735 Oropum

158 4764 321 4820 exadversus
339 4764 458 4819 Eretriae
476 4762 554 4817 altana
572 4762 651 4816 luisse
671 4760 790 4828 conjicit.
