2610 5228
55 964 210 1041 corrupta
229 956 327 1021 inisse
347 976 407 1040 pso
429 976 468 1020 eo
490 958 573 1039 quud
590 962 681 1021 autea
694 957 807 1022 inisset
819 950 881 1022 διὰ
895 956 961 1023 cosi
974 958 1148 1041 συνεχοῦς,

55 1069 103 1130 its
124 1072 160 1128 ut
179 1064 368 1128 adveahiaiia
388 1067 477 1128 notio
498 1066 684 1129 efficeretur
705 1065 867 1147 συνεχεῖς.
908 1068 1009 1148 Quem
1028 1070 1061 1132 iu
1081 1087 1149 1133 ισο-

58 1172 135 1236 dum
154 1173 242 1236 sethi
263 1192 359 1237 causa
385 1172 468 1253 apud
488 1172 708 1254 Thucydidem
729 1173 760 1250 Ι,
781 1175 823 1237 lt
853 1164 912 1238 δεά
932 1168 1050 1261 πάσης
1070 1176 1151 1259 lagi·

57 1287 122 1343 tua.
162 1280 342 1363 Stephanus
369 1280 496 1361 aliquod
524 1280 635 1344 demae
662 1283 887 1345 substantivum
909 1284 1098 1347 existimsvit
1116 1284 1150 1347 iu

57 1387 256 1469 eundemque
277 1407 399 1450 sensum
420 1388 500 1451 alius
519 1389 634 1470 aiiquis
652 1391 702 1451 via
717 1390 839 1468 doctus,
861 1408 954 1471 quem
969 1390 1151 1454 Ritteashu-

55 1498 122 1559 sius
151 1496 193 1559 ad
221 1497 379 1578 Porphyr.
409 1499 464 1561 sit.
490 1496 583 1579 Pyth.
605 1496 654 1559 18.
691 1497 807 1561 deinde
835 1505 963 1561 secutus
994 1504 1061 1575 eat,
1099 1498 1151 1562 sei

58 1590 190 1685 σχολάς
210 1605 260 1665 vei
282 1599 415 1690 ὁμιλίας
440 1605 491 1666 vei
513 1593 673 1691 ἀσκήσεις
693 1606 932 1689 inteiiigenduus
953 1625 1024 1669 esse
1044 1613 1150 1669 mente

55 1713 235 1792 suspicatus
255 1719 312 1775 est
352 1713 387 1775 in
407 1714 607 1776 Zosimadum
629 1714 769 1778 editione
791 1716 853 1777 hoc
875 1715 916 1778 da
936 1716 1006 1778 ioco
1029 1716 1074 1777 ita
1094 1735 1150 1780 ex·

56 1821 204 1899 ponitus:
226 1814 503 1907 ἀναπληρωτέον
526 1813 616 1886 ἔοικε
637 1811 679 1884 τὸ
699 1826 849 1907 χωρίον,
871 1817 1149 1911 προστιθεμένου

56 1926 120 1989 τοῦ
140 1918 265 2015 diaeo}
288 1919 419 2010 σχολὰς
440 1920 460 2018 ἦ
483 1918 640 2005 ἀσκήσεις
653 1920 674 2019 ἢ
690 1924 803 1994 ἄλλου
818 1930 883 1995 τοῦ
896 1926 1149 2021 παραπλησίου

55 2030 201 2112 τούτοις.
238 2038 437 2101 casaubonus
458 2026 556 2115 θέας,
579 2040 759 2102 Gronovius
775 2047 879 2102 autem
901 2031 1010 2114 στοάς
1031 2040 1151 2103 addeu·
1281 2086 1287 2095 -

57 2142 130 2204 dum
150 2164 220 2208 esse
241 2149 387 2249 censuit²
418 2148 538 2228 quippe
563 2148 596 2208 in
620 2148 733 2225 quihus
755 2150 855 2209 omnia
876 2149 1005 2210 aatiiicii
1025 2147 1152 2227 experi-

54 2258 160 2313 menta
188 2255 384 2333 patuissent,
423 2256 585 2333 picturae,
621 2260 743 2315 statuae
764 2260 826 2314 eto.
848 2249 930 2338 (aed
950 2261 1025 2316 tuuc
1046 2255 1152 2334 aptius

52 2357 196 2420 futurum
215 2359 315 2420 fuisso
335 2360 414 2423 mihi
426 2359 553 2420 videtur
574 2349 635 2421 dodo
655 2349 718 2435 τὰς
740 2350 868 2440 συχυάς
888 2352 1033 2444 στοάς).
1064 2362 1152 2424 Ησε-

51 2466 197 2528 schelius
217 2483 256 2526 ea
275 2464 374 2528 serha
396 2456 456 2529 ὅιά
478 2455 542 2541 τάς
563 2474 732 2548 συνεχεῖς,
766 2488 860 2549 quum
888 2488 907 2531 a
932 2469 1016 2532 iihro
1043 2488 1153 2533 mauu·

52 2574 179 2652 scripto
209 2573 370 2652 abessent,
406 2571 557 2638 morisco
586 2577 715 2653 notauit.
757 2577 858 2655 Quum
878 2578 977 2659 igitur
996 2576 1031 2643 ia
1050 2576 1072 2641 i.
1093 2596 1150 2642 ms.

54 2681 157 2742 absint
178 2700 216 2742 ea
236 2681 348 2759 sorio,
369 2702 409 2744 eo
431 2686 529 2764 magia
548 2702 649 2765 prona
671 2688 722 2746 est
739 2685 939 2768 conjectura,
969 2706 1031 2767 qua
1051 2686 1151 2767 serios

55 2779 112 2850 διά
141 2779 205 2863 τάς
234 2797 385 2873 συνεχεῖς
413 2797 449 2855 ut
476 2791 601 2855 videtur
628 2785 715 2867 θέας
745 2812 784 2855 ex
813 2788 1078 2875 praecedentih'ua
1107 2794 1150 2858 ad

53 2896 136 2959 hunc
164 2898 268 2959 iocum
296 2899 473 2981 eapiioandi
500 2920 592 2964 causs
619 2900 782 2984 adscripta
808 2900 907 2965 fuisso
933 2904 1149 2986 conjiciamus.

54 3004 195 3067 Marcius
222 3024 261 3067 ex
292 3008 555 3088 praecedentibus
590 3012 697 3073 verbis
727 3000 849 3090 τέχνας
877 3011 1013 3073 tortasse
1041 3015 1149 3074 ments

53 3114 157 3193 repeti
189 3132 284 3194 posse
311 3118 459 3198 conjecit.
508 3119 647 3180 Jacohsii
677 3119 863 3199 conjectura
898 3118 938 3178 ad
968 3116 1048 3179 th.
1077 3117 1149 3179 Tat.

55 3218 160 3302 pout
179 3218 302 3301 prolata
322 3222 441 3285 haecce
456 3231 505 3285 eat
516 3225 767 3305 elegantissima:
790 3222 918 3307 δρομεῖς
932 3220 1003 3283 ταῖν
1017 3220 1151 3301 τεχνῶν

54 3325 197 3410 ἐρασταὶ
217 3319 280 3392 διὰ
300 3320 364 3404 τὰς
379 3336 532 3408 συνεχεῖς
546 3323 745 3407 ἀκροάσεις,
768 3328 859 3407 cujus
879 3334 984 3388 tamen
1002 3325 1150 3389 emenda-

54 3437 149 3499 tionis
169 3435 211 3498 de
230 3439 419 3498 necessitate
434 3437 576 3525 0suuuus
596 3435 711 3496 merito
734 3433 897 3495 dubitavit.
942 3434 1149 3497 Buttmannus

54 3543 194 3625 danique
208 3547 364 3607 rationem
380 3563 460 3624 quae
477 3548 565 3605 certa
577 3547 662 3605 esset
672 3560 768 3622 segre
778 3542 913 3603 inveniri
924 3558 1020 3623 posse
1031 3542 1149 3605 statuit.

134 3653 239 3716 Locus
266 3656 366 3716 omnis
393 3652 537 3714 aiiaiiio
565 3653 611 3714 itu
640 3669 749 3712 semus
778 3655 844 3711 est:
882 3669 941 3729 „ex
962 3650 1073 3715 incoiia
1093 3649 1149 3717 aiii

54 3766 128 3824 suut
148 3761 266 3835 stoici,
287 3760 342 3822 aiii
364 3762 580 3822 Athenienses.
620 3759 719 3822 Attici
742 3757 869 3839 quidem
889 3759 1017 3822 curiose
1037 3760 1149 3842 icqua-

54 3884 126 3945 ces,
153 3866 252 3945 vuiti,
279 3868 510 3949 sycophantae,
542 3867 759 3948 exploratores
780 3868 863 3931 vitae
884 3870 1147 3951 peregrinorum

53 3974 263 4038 Athenienses
284 3994 359 4037 sero
381 3977 582 4057 magnanimi,
613 3975 774 4056 simplices
799 3978 957 4053 mosibus,
989 3976 1148 4039 amicitiae

53 4084 171 4146 siuaesi
192 4085 341 4148 cultores.
382 4085 515 4164 Quidam
537 4092 640 4146 autem
660 4085 789 4147 rahulae
810 4105 871 4166 pec
891 4085 1003 4146 urhem
1024 4084 1148 4144 discur-

52 4198 139 4271 runt,
158 4194 330 4257 mendaciis
350 4196 543 4276 exagitantes
564 4192 695 4277 λσεράεε
716 4199 750 4255 et
767 4193 958 4273 peregrinos
972 4189 1147 4250 divitiores.

52 4301 140 4380 Quos
159 4302 290 4365 simulac
312 4302 447 4383 popuius
467 4300 649 4382 prehendit,
669 4302 757 4382 gravi
778 4299 874 4361 multa
888 4295 1052 4379 opprimit.
1081 4294 1149 4359 Sed

52 4411 129 4492 pusi
149 4412 220 4492 puti
235 4410 445 4473 Athenienses
466 4429 556 4473 acres
576 4411 689 4473 artium
711 4409 872 4471 auditores
893 4409 1029 4486 propter
1050 4398 1148 4491 (spe-

51 4515 272 4606 ctacuiorum)
292 4519 531 4599 frequentiam.“

136 4616 318 4709 cinaeo
325 4623 398 4690 λου
421 4645 452 4690 κ.
463 4649 492 4690 τ.
503 4624 533 4692 λ.
567 4628 670 4691 Locus
687 4626 725 4687 ab
740 4621 982 4686 iiemsterhusio
1002 4620 1147 4686 laudatus

50 4718 371 4819 ussi-incisim
392 4755 425 4819 p.
445 4733 509 4801 did
521 4735 612 4821 iiip.‚
631 4734 804 4801 illustratus
823 4733 984 4800 uberrime
1004 4750 1024 4795 a
1044 4730 1145 4794 drou-
