<?xml version="1.0" encoding="UTF-8"?>
<!DOCTYPE html PUBLIC "-//W3C//DTD XHTML 1.0 Transitional//EN"
    "http://www.w3.org/TR/xhtml1/DTD/xhtml1-transitional.dtd">
<html xmlns="http://www.w3.org/1999/xhtml" xml:lang="en" lang="en">
 <head>
  <title>
</title>
<meta http-equiv="Content-Type" content="text/html;charset=utf-8" />
  <meta name='ocr-system' content='tesseract 3.04.00' />
  <meta name='ocr-capabilities' content='ocr_page ocr_carea ocr_par ocr_line ocrx_word'/>
</head>
<body>
  <div class='ocr_page' id='page_1' title='image "./dicaearchimesse01fuhrgoog_0363.png"; bbox 0 0 2610 5228; ppageno 0'>
   <div class='ocr_carea' id='block_1_1' title="bbox 424 851 798 929">
    <p class='ocr_par' dir='ltr' id='par_1_1' title="bbox 424 851 798 929">
     <span class='ocr_line' id='line_1_1' title="bbox 424 851 798 929; baseline -0.003 -1"><span class='ocrx_word' id='word_1_1' title='bbox 424 851 798 929; x_wconf 57' lang='lat'>*351*-</span> 
     </span>
    </p>
   </div>
   <div class='ocr_carea' id='block_1_2' title="bbox 60 1036 1179 1785">
    <p class='ocr_par' dir='ltr' id='par_1_2' title="bbox 60 1036 1179 1785">
     <span class='ocr_line' id='line_1_2' title="bbox 63 1036 1158 1133; baseline 0.002 -25"><span class='ocrx_word' id='word_1_2' title='bbox 63 1048 98 1108; x_wconf 85' lang='lat' dir='ltr'><strong>et</strong></span> <span class='ocrx_word' id='word_1_3' title='bbox 119 1064 161 1129; x_wconf 86' lang='lat' dir='ltr'><strong>p,</strong></span> <span class='ocrx_word' id='word_1_4' title='bbox 182 1042 246 1107; x_wconf 77' lang='lat'><strong>482</strong></span> <span class='ocrx_word' id='word_1_5' title='bbox 274 1044 330 1109; x_wconf 88' lang='lat' dir='ltr'><strong>ubi</strong></span> <span class='ocrx_word' id='word_1_6' title='bbox 351 1051 400 1107; x_wconf 88' lang='lat' dir='ltr'><strong>est</strong></span> <span class='ocrx_word' id='word_1_7' title='bbox 419 1036 550 1121; x_wconf 76' lang='grc' dir='ltr'><em>πλατὺς</em></span> <span class='ocrx_word' id='word_1_8' title='bbox 567 1037 825 1133; x_wconf 72' lang='grc' dir='ltr'><em>Ἑλλήσποντος</em></span> <span class='ocrx_word' id='word_1_9' title='bbox 845 1044 924 1108; x_wconf 82' lang='lat' dir='ltr'><strong>islso</strong></span> <span class='ocrx_word' id='word_1_10' title='bbox 945 1045 1158 1125; x_wconf 74' lang='lat' dir='ltr'><strong>interpretans</strong></span> 
     </span>
     <span class='ocr_line' id='line_1_3' title="bbox 62 1141 1157 1235; baseline -0.001 -19"><span class='ocrx_word' id='word_1_11' title='bbox 62 1152 107 1216; x_wconf 81' lang='lat' dir='ltr'><strong>ci.</strong></span> <span class='ocrx_word' id='word_1_12' title='bbox 134 1152 249 1217; x_wconf 77' lang='lat' dir='ltr'><strong>Athen.</strong></span> <span class='ocrx_word' id='word_1_13' title='bbox 270 1152 318 1231; x_wconf 89' lang='lat' dir='ltr'><strong>ii,</strong></span> <span class='ocrx_word' id='word_1_14' title='bbox 347 1152 398 1215; x_wconf 74' lang='lat'><strong>18.</strong></span> <span class='ocrx_word' id='word_1_15' title='bbox 427 1173 460 1235; x_wconf 87' lang='lat' dir='ltr'><strong>p.</strong></span> <span class='ocrx_word' id='word_1_16' title='bbox 480 1154 521 1216; x_wconf 72' lang='lat'><strong>41</strong></span> <span class='ocrx_word' id='word_1_17' title='bbox 550 1144 745 1217; x_wconf 80' lang='grc' dir='ltr'><em>διαστέλλει</em></span> <span class='ocrx_word' id='word_1_18' title='bbox 773 1141 813 1214; x_wconf 83' lang='lat' dir='ltr'><strong>dd</strong></span> <span class='ocrx_word' id='word_1_19' title='bbox 840 1151 902 1215; x_wconf 80' lang='lat' dir='ltr'><strong>uni</strong></span> <span class='ocrx_word' id='word_1_20' title='bbox 931 1141 1034 1234; x_wconf 75' lang='grc' dir='ltr'><em>γλυκὺ</em></span> <span class='ocrx_word' id='word_1_21' title='bbox 1063 1141 1157 1233; x_wconf 80' lang='grc' dir='ltr'><em>ὕδωρ</em></span> 
     </span>
     <span class='ocr_line' id='line_1_4' title="bbox 62 1246 1158 1350; baseline -0.002 -25"><span class='ocrx_word' id='word_1_22' title='bbox 62 1252 140 1325; x_wconf 76' lang='grc' dir='ltr'><strong>ἀπὸ</strong></span> <span class='ocrx_word' id='word_1_23' title='bbox 154 1252 324 1335; x_wconf 72' lang='grc' dir='ltr'><em>πλατέος·</em></span> <span class='ocrx_word' id='word_1_24' title='bbox 345 1250 408 1324; x_wconf 82' lang='grc' dir='ltr'><strong>τὸν</strong></span> <span class='ocrx_word' id='word_1_25' title='bbox 426 1253 488 1350; x_wconf 69' lang='grc' dir='ltr'><strong>μὲν</strong></span> <span class='ocrx_word' id='word_1_26' title='bbox 498 1246 763 1348; x_wconf 65' lang='grc' dir='ltr'><em>Ἑλλήσποντον</em></span> <span class='ocrx_word' id='word_1_27' title='bbox 785 1248 869 1322; x_wconf 79' lang='grc' dir='ltr'><em>εἶναι</em></span> <span class='ocrx_word' id='word_1_28' title='bbox 882 1252 994 1342; x_wconf 81' lang='grc' dir='ltr'><em>λέγων</em></span> <span class='ocrx_word' id='word_1_29' title='bbox 1007 1252 1158 1323; x_wconf 67' lang='grc' dir='ltr'><em>πλατύν·</em></span> 
     </span>
     <span class='ocr_line' id='line_1_5' title="bbox 63 1356 1160 1456; baseline -0.003 -23"><span class='ocrx_word' id='word_1_30' title='bbox 63 1358 151 1455; x_wconf 75' lang='grc' dir='ltr'><strong>ὑπὲρ</strong></span> <span class='ocrx_word' id='word_1_31' title='bbox 183 1356 223 1431; x_wconf 82' lang='lat' dir='ltr'><strong>dd</strong></span> <span class='ocrx_word' id='word_1_32' title='bbox 251 1358 407 1451; x_wconf 74' lang='grc' dir='ltr'><em>θατέρου</em></span> <span class='ocrx_word' id='word_1_33' title='bbox 436 1359 587 1452; x_wconf 78' lang='grc' dir='ltr'><em>φράζων</em></span> <span class='ocrx_word' id='word_1_34' title='bbox 613 1362 814 1456; x_wconf 74' lang='grc' dir='ltr'><em>,,οτι)ὀαμεν</em></span> <span class='ocrx_word' id='word_1_35' title='bbox 835 1368 921 1455; x_wconf 80' lang='grc' dir='ltr'><em>νῆας</em></span> <span class='ocrx_word' id='word_1_36' title='bbox 942 1367 1055 1455; x_wconf 74' lang='grc' dir='ltr'><em>ἀγχοῦ</em></span> <span class='ocrx_word' id='word_1_37' title='bbox 1076 1359 1160 1432; x_wconf 78' lang='grc' dir='ltr'><em>ὕδα-</em></span> 
     </span>
     <span class='ocr_line' id='line_1_6' title="bbox 61 1470 1179 1561; baseline -0.001 -21"><span class='ocrx_word' id='word_1_38' title='bbox 61 1494 127 1551; x_wconf 79' lang='grc' dir='ltr'><strong>τος</strong></span> <span class='ocrx_word' id='word_1_39' title='bbox 147 1470 364 1561; x_wconf 50' lang='grc' dir='ltr'><em>γλοκεροῖοῑθ,</em></span> <span class='ocrx_word' id='word_1_40' title='bbox 387 1485 497 1540; x_wconf 84' lang='lat' dir='ltr'><strong>contro</strong></span> <span class='ocrx_word' id='word_1_41' title='bbox 518 1498 610 1559; x_wconf 85' lang='lat' dir='ltr'><strong>quum</strong></span> <span class='ocrx_word' id='word_1_42' title='bbox 627 1478 824 1559; x_wconf 74' lang='lat' dir='ltr'><strong>grummstici</strong></span> <span class='ocrx_word' id='word_1_43' title='bbox 844 1480 1031 1542; x_wconf 83' lang='lat' dir='ltr'><strong>sententium</strong></span> <span class='ocrx_word' id='word_1_44' title='bbox 1045 1478 1179 1541; x_wconf 70' lang='lat' dir='ltr'><strong>(iussu.</strong></span> 
     </span>
     <span class='ocr_line' id='line_1_7' title="bbox 60 1582 1163 1673; baseline -0.005 -22"><span class='ocrx_word' id='word_1_45' title='bbox 60 1586 166 1651; x_wconf 74' lang='lat' dir='ltr'><strong>bouus</strong></span> <span class='ocrx_word' id='word_1_46' title='bbox 186 1584 378 1649; x_wconf 73' lang='lat' dir='ltr'><strong>scholiorum</strong></span> <span class='ocrx_word' id='word_1_47' title='bbox 398 1582 787 1673; x_wconf 84' lang='lat' dir='ltr'><strong>minorum·(schoiisstse</strong></span> <span class='ocrx_word' id='word_1_48' title='bbox 806 1584 924 1650; x_wconf 85' lang='lat' dir='ltr'><strong>Veneti</strong></span> <span class='ocrx_word' id='word_1_49' title='bbox 944 1588 978 1650; x_wconf 92' lang='lat' dir='ltr'><strong>iu</strong></span> <span class='ocrx_word' id='word_1_50' title='bbox 995 1584 1163 1650; x_wconf 88' lang='lat' dir='ltr'><strong>Vilioisoui</strong></span> 
     </span>
     <span class='ocr_line' id='line_1_8' title="bbox 63 1687 1164 1785; baseline -0.002 -29"><span class='ocrx_word' id='word_1_51' title='bbox 63 1692 207 1757; x_wconf 83' lang='lat' dir='ltr'><strong>editione</strong></span> <span class='ocrx_word' id='word_1_52' title='bbox 232 1696 309 1757; x_wconf 90' lang='lat' dir='ltr'><strong>item</strong></span> <span class='ocrx_word' id='word_1_53' title='bbox 331 1694 476 1757; x_wconf 86' lang='lat' dir='ltr'><strong>conieres</strong></span> <span class='ocrx_word' id='word_1_54' title='bbox 506 1687 780 1785; x_wconf 78' lang='lat' dir='ltr'>adnotationem),</span> <span class='ocrx_word' id='word_1_55' title='bbox 810 1694 970 1757; x_wconf 80' lang='lat' dir='ltr'><strong>Euststirii</strong></span> <span class='ocrx_word' id='word_1_56' title='bbox 1000 1699 1034 1755; x_wconf 86' lang='lat' dir='ltr'><strong>et</strong></span> <span class='ocrx_word' id='word_1_57' title='bbox 1059 1692 1164 1773; x_wconf 78' lang='lat' dir='ltr'><strong>Hesy-</strong></span> 
     </span>
    </p>
   </div>
   <div class='ocr_carea' id='block_1_3' title="bbox 10 1792 1228 4899">
    <p class='ocr_par' dir='ltr' id='par_1_3' title="bbox 10 1792 1228 4899">
     <span class='ocr_line' id='line_1_9' title="bbox 63 1792 1162 1889; baseline -0.003 -24"><span class='ocrx_word' id='word_1_58' title='bbox 63 1800 132 1865; x_wconf 83' lang='lat' dir='ltr'><strong>chii</strong></span> <span class='ocrx_word' id='word_1_59' title='bbox 161 1802 402 1883; x_wconf 76' lang='lat' dir='ltr'><strong>explicationem</strong></span> <span class='ocrx_word' id='word_1_60' title='bbox 434 1822 463 1867; x_wconf 83' lang='lat' dir='ltr'><strong>v.</strong></span> <span class='ocrx_word' id='word_1_61' title='bbox 490 1792 626 1865; x_wconf 80' lang='grc' dir='ltr'><em>πλατὺν</em></span> <span class='ocrx_word' id='word_1_62' title='bbox 642 1794 907 1889; x_wconf 82' lang='grc' dir='ltr'><em>Ἑλλήσποντον</em></span> <span class='ocrx_word' id='word_1_63' title='bbox 936 1810 1027 1864; x_wconf 85' lang='lat' dir='ltr'><strong>recte</strong></span> <span class='ocrx_word' id='word_1_64' title='bbox 1048 1801 1162 1863; x_wconf 84' lang='lat' dir='ltr'><strong>sttuitt.</strong></span> 
     </span>
     <span class='ocr_line' id='line_1_10' title="bbox 64 1899 1163 1997; baseline -0.001 -25"><span class='ocrx_word' id='word_1_65' title='bbox 64 1908 218 1972; x_wconf 74' lang='lat' dir='ltr'><strong>Ceterum</strong></span> <span class='ocrx_word' id='word_1_66' title='bbox 239 1909 323 1972; x_wconf 89' lang='lat' dir='ltr'><strong>idem</strong></span> <span class='ocrx_word' id='word_1_67' title='bbox 343 1910 523 1991; x_wconf 71' lang='lat' dir='ltr'><strong>Hesychius</strong></span> <span class='ocrx_word' id='word_1_68' title='bbox 551 1902 667 1973; x_wconf 79' lang='grc' dir='ltr'><em>πλατῠ</em></span> <span class='ocrx_word' id='word_1_69' title='bbox 691 1899 806 1996; x_wconf 74' lang='grc' dir='ltr'><em>ὕδωρ,</em></span> <span class='ocrx_word' id='word_1_70' title='bbox 834 1900 877 1972; x_wconf 77' lang='lat' dir='ltr'><strong>cd</strong></span> <span class='ocrx_word' id='word_1_71' title='bbox 899 1902 1056 1997; x_wconf 77' lang='grc' dir='ltr'><em>ἁλμυρόν</em></span> <span class='ocrx_word' id='word_1_72' title='bbox 1078 1909 1163 1990; x_wconf 78' lang='lat' dir='ltr'><strong>glos-</strong></span> 
     </span>
     <span class='ocr_line' id='line_1_11' title="bbox 63 2008 1163 2099; baseline -0.002 -19"><span class='ocrx_word' id='word_1_73' title='bbox 63 2032 133 2080; x_wconf 85' lang='lat' dir='ltr'><strong>ssm</strong></span> <span class='ocrx_word' id='word_1_74' title='bbox 153 2016 293 2081; x_wconf 81' lang='lat' dir='ltr'><strong>exhibet.</strong></span> <span class='ocrx_word' id='word_1_75' title='bbox 337 2016 507 2080; x_wconf 76' lang='lat' dir='ltr'><strong>Mirantem</strong></span> <span class='ocrx_word' id='word_1_76' title='bbox 521 2024 627 2081; x_wconf 86' lang='lat' dir='ltr'><strong>sutem</strong></span> <span class='ocrx_word' id='word_1_77' title='bbox 641 2016 799 2099; x_wconf 89' lang='lat' dir='ltr'><strong>quomodo</strong></span> <span class='ocrx_word' id='word_1_78' title='bbox 812 2008 948 2095; x_wconf 76' lang='grc' dir='ltr'><em>πλατύς</em></span> <span class='ocrx_word' id='word_1_79' title='bbox 963 2036 1001 2080; x_wconf 83' lang='lat' dir='ltr'><strong>ex</strong></span> <span class='ocrx_word' id='word_1_80' title='bbox 1022 2016 1163 2099; x_wconf 80' lang='lat' dir='ltr'><strong>principi</strong></span> 
     </span>
     <span class='ocr_line' id='line_1_12' title="bbox 62 2124 1164 2207; baseline -0.004 -18"><span class='ocrx_word' id='word_1_81' title='bbox 62 2144 123 2189; x_wconf 81' lang='lat' dir='ltr'><strong>sus</strong></span> <span class='ocrx_word' id='word_1_82' title='bbox 147 2124 211 2187; x_wconf 82' lang='lat' dir='ltr'><strong>icti</strong></span> <span class='ocrx_word' id='word_1_83' title='bbox 227 2125 457 2207; x_wconf 75' lang='lat' dir='ltr'><strong>significatione</strong></span> <span class='ocrx_word' id='word_1_84' title='bbox 484 2125 563 2188; x_wconf 81' lang='lat' dir='ltr'><strong>salsi</strong></span> <span class='ocrx_word' id='word_1_85' title='bbox 580 2144 706 2189; x_wconf 88' lang='lat' dir='ltr'><strong>sensum</strong></span> <span class='ocrx_word' id='word_1_86' title='bbox 734 2126 869 2188; x_wconf 89' lang='lat' dir='ltr'><strong>iuduere</strong></span> <span class='ocrx_word' id='word_1_87' title='bbox 890 2126 1033 2207; x_wconf 85' lang='lat' dir='ltr'><strong>potuerit</strong></span> <span class='ocrx_word' id='word_1_88' title='bbox 1052 2126 1164 2185; x_wconf 83' lang='lat' dir='ltr'><strong>Pnsso·</strong></span> 
     </span>
     <span class='ocr_line' id='line_1_13' title="bbox 62 2222 1171 2315; baseline -0.002 -20"><span class='ocrx_word' id='word_1_89' title='bbox 62 2232 136 2295; x_wconf 80' lang='lat' dir='ltr'><strong>sius</strong></span> <span class='ocrx_word' id='word_1_90' title='bbox 170 2234 349 2314; x_wconf 75' lang='lat' dir='ltr'><strong>qnempiam</strong></span> <span class='ocrx_word' id='word_1_91' title='bbox 379 2233 509 2296; x_wconf 77' lang='lat' dir='ltr'><strong>docebit</strong></span> <span class='ocrx_word' id='word_1_92' title='bbox 536 2224 648 2296; x_wconf 80' lang='grc' dir='ltr'><em>πλατῢ</em></span> <span class='ocrx_word' id='word_1_93' title='bbox 678 2222 771 2315; x_wconf 73' lang='grc' dir='ltr'><strong>ὕδωρ</strong></span> <span class='ocrx_word' id='word_1_94' title='bbox 802 2235 836 2297; x_wconf 90' lang='lat' dir='ltr'><strong>in</strong></span> <span class='ocrx_word' id='word_1_95' title='bbox 865 2232 1045 2295; x_wconf 84' lang='lat' dir='ltr'><strong>uuiversum</strong></span> <span class='ocrx_word' id='word_1_96' title='bbox 1076 2248 1171 2295; x_wconf 80' lang='lat' dir='ltr'><strong>mure-</strong></span> 
     </span>
     <span class='ocr_line' id='line_1_14' title="bbox 64 2338 1166 2422; baseline -0.003 -19"><span class='ocrx_word' id='word_1_97' title='bbox 64 2340 263 2422; x_wconf 67' lang='lat' dir='ltr'><strong>significasse</strong></span> <span class='ocrx_word' id='word_1_98' title='bbox 276 2340 379 2402; x_wconf 83' lang='lat' dir='ltr'><strong>videri</strong></span> <span class='ocrx_word' id='word_1_99' title='bbox 394 2346 488 2421; x_wconf 85' lang='lat' dir='ltr'><strong>utque</strong></span> <span class='ocrx_word' id='word_1_100' title='bbox 510 2342 543 2403; x_wconf 87' lang='lat' dir='ltr'><strong>in</strong></span> <span class='ocrx_word' id='word_1_101' title='bbox 563 2340 624 2403; x_wconf 83' lang='lat' dir='ltr'><strong>hee</strong></span> <span class='ocrx_word' id='word_1_102' title='bbox 640 2340 769 2403; x_wconf 85' lang='lat' dir='ltr'><strong>dicendi</strong></span> <span class='ocrx_word' id='word_1_103' title='bbox 789 2341 913 2403; x_wconf 87' lang='lat' dir='ltr'><strong>rstioue</strong></span> <span class='ocrx_word' id='word_1_104' title='bbox 934 2344 1047 2422; x_wconf 84' lang='lat' dir='ltr'><strong>postes</strong></span> <span class='ocrx_word' id='word_1_105' title='bbox 1066 2338 1166 2400; x_wconf 82' lang='lat' dir='ltr'><strong>solem</strong></span> 
     </span>
     <span class='ocr_line' id='line_1_15' title="bbox 64 2440 1166 2534; baseline -0.004 -23"><span class='ocrx_word' id='word_1_106' title='bbox 64 2446 143 2511; x_wconf 73' lang='lat' dir='ltr'><strong>uini</strong></span> <span class='ocrx_word' id='word_1_107' title='bbox 161 2448 323 2511; x_wconf 81' lang='lat' dir='ltr'><strong>notionem</strong></span> <span class='ocrx_word' id='word_1_108' title='bbox 344 2449 390 2511; x_wconf 85' lang='lat' dir='ltr'><strong>its</strong></span> <span class='ocrx_word' id='word_1_109' title='bbox 408 2455 446 2509; x_wconf 91' lang='lat' dir='ltr'><strong>ut</strong></span> <span class='ocrx_word' id='word_1_110' title='bbox 466 2441 596 2519; x_wconf 78' lang='grc' dir='ltr'><em>πλατύς</em></span> <span class='ocrx_word' id='word_1_111' title='bbox 616 2447 702 2510; x_wconf 87' lang='lat' dir='ltr'><strong>idem</strong></span> <span class='ocrx_word' id='word_1_112' title='bbox 725 2447 810 2528; x_wconf 82' lang='lat' dir='ltr'><strong>quod</strong></span> <span class='ocrx_word' id='word_1_113' title='bbox 832 2440 987 2534; x_wconf 80' lang='grc' dir='ltr'><em>ἁλμυράς</em></span> <span class='ocrx_word' id='word_1_114' title='bbox 1007 2445 1166 2509; x_wconf 75' lang='lat' dir='ltr'><strong>iudicaret</strong></span> 
     </span>
     <span class='ocr_line' id='line_1_16' title="bbox 10 2554 1166 2639; baseline -0.002 -20"><span class='ocrx_word' id='word_1_115' title='bbox 10 2620 18 2633; x_wconf 78' lang='grc'>,</span> <span class='ocrx_word' id='word_1_116' title='bbox 63 2562 245 2639; x_wconf 79' lang='lat' dir='ltr'><strong>respectum</strong></span> <span class='ocrx_word' id='word_1_117' title='bbox 274 2554 384 2619; x_wconf 78' lang='lat' dir='ltr'><strong>fuisse.</strong></span> <span class='ocrx_word' id='word_1_118' title='bbox 435 2556 469 2619; x_wconf 89' lang='lat' dir='ltr'><strong>in</strong></span> <span class='ocrx_word' id='word_1_119' title='bbox 501 2557 564 2618; x_wconf 86' lang='lat' dir='ltr'><strong>iliis</strong></span> <span class='ocrx_word' id='word_1_120' title='bbox 590 2574 668 2619; x_wconf 85' lang='lat' dir='ltr'><strong>vcro</strong></span> <span class='ocrx_word' id='word_1_121' title='bbox 696 2574 775 2636; x_wconf 87' lang='lat' dir='ltr'><strong>quos</strong></span> <span class='ocrx_word' id='word_1_122' title='bbox 800 2556 891 2617; x_wconf 86' lang='lat' dir='ltr'><strong>sttuii</strong></span> <span class='ocrx_word' id='word_1_123' title='bbox 921 2556 1001 2617; x_wconf 88' lang='lat' dir='ltr'><strong>iocis</strong></span> <span class='ocrx_word' id='word_1_124' title='bbox 1021 2554 1166 2618; x_wconf 81' lang='lat' dir='ltr'><strong>rocsbuii</strong></span> 
     </span>
     <span class='ocr_line' id='line_1_17' title="bbox 64 2663 1228 2745; baseline 0.002 -20"><span class='ocrx_word' id='word_1_125' title='bbox 64 2664 309 2745; x_wconf 76' lang='lat' dir='ltr'><strong>oonpsrstisus,</strong></span> <span class='ocrx_word' id='word_1_126' title='bbox 328 2664 389 2725; x_wconf 92' lang='lat' dir='ltr'><strong>uisi</strong></span> <span class='ocrx_word' id='word_1_127' title='bbox 402 2663 494 2725; x_wconf 80' lang='lat' dir='ltr'><strong>rside</strong></span> <span class='ocrx_word' id='word_1_128' title='bbox 515 2663 619 2740; x_wconf 83' lang='lat' dir='ltr'><strong>tollor,</strong></span> <span class='ocrx_word' id='word_1_129' title='bbox 641 2663 775 2725; x_wconf 87' lang='lat' dir='ltr'><strong>eundem</strong></span> <span class='ocrx_word' id='word_1_130' title='bbox 795 2664 829 2726; x_wconf 92' lang='lat' dir='ltr'><strong>in</strong></span> <span class='ocrx_word' id='word_1_131' title='bbox 849 2680 975 2724; x_wconf 85' lang='lat' dir='ltr'><strong>sensum</strong></span> <span class='ocrx_word' id='word_1_132' title='bbox 994 2669 1166 2744; x_wconf 80' lang='lat' dir='ltr'><strong>umrpstus</strong></span> <span class='ocrx_word' id='word_1_133' title='bbox 1223 2728 1228 2743; x_wconf 64' lang='grc'><em>,</em></span> 
     </span>
     <span class='ocr_line' id='line_1_18' title="bbox 65 2764 1165 2852; baseline -0.003 -17"><span class='ocrx_word' id='word_1_134' title='bbox 65 2774 120 2835; x_wconf 72' lang='lat' dir='ltr'><strong>ut</strong></span> <span class='ocrx_word' id='word_1_135' title='bbox 136 2770 172 2833; x_wconf 89' lang='lat' dir='ltr'><strong>iu</strong></span> <span class='ocrx_word' id='word_1_136' title='bbox 192 2790 285 2850; x_wconf 85' lang='lat' dir='ltr'><strong>quem</strong></span> <span class='ocrx_word' id='word_1_137' title='bbox 305 2779 415 2833; x_wconf 83' lang='lat' dir='ltr'><strong>nostro</strong></span> <span class='ocrx_word' id='word_1_138' title='bbox 436 2772 508 2833; x_wconf 89' lang='lat' dir='ltr'><strong>ioco</strong></span> <span class='ocrx_word' id='word_1_139' title='bbox 530 2773 739 2852; x_wconf 90' lang='lat' dir='ltr'><strong>compositum</strong></span> <span class='ocrx_word' id='word_1_140' title='bbox 761 2764 969 2847; x_wconf 74' lang='grc' dir='ltr'><em>ὑπόπλατος</em></span> <span class='ocrx_word' id='word_1_141' title='bbox 989 2770 1165 2833; x_wconf 70' lang='lat' dir='ltr'><strong>adhibitum</strong></span> 
     </span>
     <span class='ocr_line' id='line_1_19' title="bbox 64 2872 1164 2961; baseline 0 -20"><span class='ocrx_word' id='word_1_142' title='bbox 64 2876 211 2961; x_wconf 63' lang='lat' dir='ltr'><strong>legimns.</strong></span> <span class='ocrx_word' id='word_1_143' title='bbox 251 2878 355 2939; x_wconf 84' lang='lat' dir='ltr'><strong>Iitiom</strong></span> <span class='ocrx_word' id='word_1_144' title='bbox 377 2878 609 2960; x_wconf 81' lang='lat' dir='ltr'><strong>wesselingus,</strong></span> <span class='ocrx_word' id='word_1_145' title='bbox 639 2878 678 2940; x_wconf 87' lang='lat' dir='ltr'><strong>sd</strong></span> <span class='ocrx_word' id='word_1_146' title='bbox 700 2878 858 2941; x_wconf 83' lang='lat' dir='ltr'><strong>Herodoti</strong></span> <span class='ocrx_word' id='word_1_147' title='bbox 889 2879 993 2941; x_wconf 90' lang='lat' dir='ltr'><strong>locum</strong></span> <span class='ocrx_word' id='word_1_148' title='bbox 1015 2878 1057 2940; x_wconf 90' lang='lat' dir='ltr'><strong>de</strong></span> <span class='ocrx_word' id='word_1_149' title='bbox 1076 2872 1164 2941; x_wconf 84' lang='grc' dir='ltr'><em>πλα·</em></span> 
     </span>
     <span class='ocr_line' id='line_1_20' title="bbox 66 2974 1165 3067; baseline 0 -18"><span class='ocrx_word' id='word_1_150' title='bbox 66 2974 129 3060; x_wconf 73' lang='grc' dir='ltr'><strong>τός</strong></span> <span class='ocrx_word' id='word_1_151' title='bbox 147 2984 300 3047; x_wconf 82' lang='lat' dir='ltr'><strong>vocobuio</strong></span> <span class='ocrx_word' id='word_1_152' title='bbox 322 2986 454 3067; x_wconf 74' lang='lat' dir='ltr'><strong>ejusque</strong></span> <span class='ocrx_word' id='word_1_153' title='bbox 475 2992 648 3047; x_wconf 87' lang='lat' dir='ltr'><strong>memorsts</strong></span> <span class='ocrx_word' id='word_1_154' title='bbox 665 2986 897 3066; x_wconf 76' lang='lat' dir='ltr'><strong>significatione</strong></span> <span class='ocrx_word' id='word_1_155' title='bbox 918 2987 1015 3048; x_wconf 81' lang='lat' dir='ltr'><strong>verbs</strong></span> <span class='ocrx_word' id='word_1_156' title='bbox 1034 2986 1165 3062; x_wconf 80' lang='lat' dir='ltr'><strong>iscieus,</strong></span> 
     </span>
     <span class='ocr_line' id='line_1_21' title="bbox 65 3091 1165 3175; baseline 0.002 -20"><span class='ocrx_word' id='word_1_157' title='bbox 65 3092 140 3156; x_wconf 81' lang='lat' dir='ltr'><strong>loeo</strong></span> <span class='ocrx_word' id='word_1_158' title='bbox 160 3091 376 3155; x_wconf 82' lang='lat' dir='ltr'><strong>Dicsesrcheo</strong></span> <span class='ocrx_word' id='word_1_159' title='bbox 397 3094 552 3175; x_wconf 76' lang='lat' dir='ltr'><strong>vulgatum</strong></span> <span class='ocrx_word' id='word_1_160' title='bbox 572 3094 743 3155; x_wconf 87' lang='lat' dir='ltr'><strong>lectionem</strong></span> <span class='ocrx_word' id='word_1_161' title='bbox 764 3101 875 3156; x_wconf 82' lang='lat' dir='ltr'><strong>contre</strong></span> <span class='ocrx_word' id='word_1_162' title='bbox 887 3094 1042 3175; x_wconf 76' lang='lat' dir='ltr'><strong>Stephani</strong></span> <span class='ocrx_word' id='word_1_163' title='bbox 1061 3094 1165 3175; x_wconf 86' lang='lat' dir='ltr'><strong>suspi-</strong></span> 
     </span>
     <span class='ocr_line' id='line_1_22' title="bbox 67 3190 1165 3281; baseline 0 -18"><span class='ocrx_word' id='word_1_164' title='bbox 67 3200 194 3265; x_wconf 82' lang='lat' dir='ltr'><strong>cionem</strong></span> <span class='ocrx_word' id='word_1_165' title='bbox 231 3190 432 3279; x_wconf 77' lang='grc' dir='ltr'><em>ὑπόπαχο</em></span> <span class='ocrx_word' id='word_1_166' title='bbox 463 3200 562 3261; x_wconf 88' lang='lat' dir='ltr'><strong>tuitus</strong></span> <span class='ocrx_word' id='word_1_167' title='bbox 591 3206 653 3277; x_wconf 83' lang='lat' dir='ltr'><strong>est,</strong></span> <span class='ocrx_word' id='word_1_168' title='bbox 696 3218 788 3281; x_wconf 80' lang='lat' dir='ltr'><strong>postu</strong></span> <span class='ocrx_word' id='word_1_169' title='bbox 821 3198 954 3261; x_wconf 86' lang='lat' dir='ltr'><strong>condem</strong></span> <span class='ocrx_word' id='word_1_170' title='bbox 986 3200 1165 3267; x_wconf 78' lang='lat' dir='ltr'><strong>Gronovius</strong></span> 
     </span>
     <span class='ocr_line' id='line_1_23' title="bbox 66 3295 1165 3387; baseline -0.002 -18"><span class='ocrx_word' id='word_1_171' title='bbox 66 3308 184 3369; x_wconf 86' lang='lat' dir='ltr'><strong>merito</strong></span> <span class='ocrx_word' id='word_1_172' title='bbox 204 3308 409 3387; x_wconf 74' lang='lat' dir='ltr'><strong>oppugnarit,</strong></span> <span class='ocrx_word' id='word_1_173' title='bbox 432 3305 517 3385; x_wconf 85' lang='lat' dir='ltr'><strong>quod</strong></span> <span class='ocrx_word' id='word_1_174' title='bbox 531 3295 697 3387; x_wconf 81' lang='grc' dir='ltr'><em>ὑπόπαχο</em></span> <span class='ocrx_word' id='word_1_175' title='bbox 719 3302 775 3384; x_wconf 74' lang='grc' dir='ltr'><strong>τῷ</strong></span> <span class='ocrx_word' id='word_1_176' title='bbox 795 3296 913 3386; x_wconf 78' lang='grc' dir='ltr'><em>ἀλοκῷ</em></span> <span class='ocrx_word' id='word_1_177' title='bbox 936 3306 1058 3387; x_wconf 88' lang='lat' dir='ltr'><strong>quippe</strong></span> <span class='ocrx_word' id='word_1_178' title='bbox 1078 3304 1165 3386; x_wconf 87' lang='lat' dir='ltr'><strong>quod</strong></span> 
     </span>
     <span class='ocr_line' id='line_1_24' title="bbox 44 3394 1166 3495; baseline 0.002 -19"><span class='ocrx_word' id='word_1_179' title='bbox 44 3394 101 3477; x_wconf 60' lang='lat' dir='ltr'><strong>&#39;et</strong></span> <span class='ocrx_word' id='word_1_180' title='bbox 129 3414 235 3495; x_wconf 90' lang='lat' dir='ltr'><strong>ipsum</strong></span> <span class='ocrx_word' id='word_1_181' title='bbox 269 3413 460 3476; x_wconf 81' lang='lat' dir='ltr'><strong>subdensum</strong></span> <span class='ocrx_word' id='word_1_182' title='bbox 496 3432 567 3475; x_wconf 86' lang='lat' dir='ltr'><strong>esse</strong></span> <span class='ocrx_word' id='word_1_183' title='bbox 597 3420 707 3493; x_wconf 91' lang='lat' dir='ltr'><strong>possct</strong></span> <span class='ocrx_word' id='word_1_184' title='bbox 734 3414 855 3494; x_wconf 90' lang='lat' dir='ltr'><strong>opponi</strong></span> <span class='ocrx_word' id='word_1_185' title='bbox 883 3414 1032 3494; x_wconf 85' lang='lat' dir='ltr'><strong>nequiret</strong></span> <span class='ocrx_word' id='word_1_186' title='bbox 1059 3432 1166 3495; x_wconf 69' lang='lat' dir='ltr'><strong>nequo</strong></span> 
     </span>
     <span class='ocr_line' id='line_1_25' title="bbox 64 3518 1165 3603; baseline 0.001 -19"><span class='ocrx_word' id='word_1_187' title='bbox 64 3538 221 3603; x_wconf 79' lang='lat' dir='ltr'><strong>equorum</strong></span> <span class='ocrx_word' id='word_1_188' title='bbox 248 3522 417 3602; x_wconf 89' lang='lat' dir='ltr'><strong>proprium</strong></span> <span class='ocrx_word' id='word_1_189' title='bbox 443 3525 538 3583; x_wconf 86' lang='lat' dir='ltr'><strong>esset.</strong></span> <span class='ocrx_word' id='word_1_190' title='bbox 587 3518 680 3599; x_wconf 79' lang='lat' dir='ltr'><strong>Quod</strong></span> <span class='ocrx_word' id='word_1_191' title='bbox 707 3528 811 3582; x_wconf 86' lang='lat' dir='ltr'><strong>sutem</strong></span> <span class='ocrx_word' id='word_1_192' title='bbox 840 3520 1068 3584; x_wconf 73' lang='lat' dir='ltr'><strong>emendandum</strong></span> <span class='ocrx_word' id='word_1_193' title='bbox 1093 3540 1165 3585; x_wconf 84' lang='lat' dir='ltr'><strong>esse</strong></span> 
     </span>
     <span class='ocr_line' id='line_1_26' title="bbox 64 3628 1164 3712; baseline -0.001 -18"><span class='ocrx_word' id='word_1_194' title='bbox 64 3628 249 3694; x_wconf 72' lang='lat' dir='ltr'><strong>Gronovius</strong></span> <span class='ocrx_word' id='word_1_195' title='bbox 275 3629 447 3692; x_wconf 82' lang='lat' dir='ltr'><strong>urbitrstus</strong></span> <span class='ocrx_word' id='word_1_196' title='bbox 477 3634 525 3690; x_wconf 87' lang='lat' dir='ltr'><strong>est</strong></span> <span class='ocrx_word' id='word_1_197' title='bbox 545 3628 679 3711; x_wconf 83' lang='lat' dir='ltr'><strong>ejusque</strong></span> <span class='ocrx_word' id='word_1_198' title='bbox 699 3629 905 3712; x_wconf 84' lang='lat' dir='ltr'><strong>conjectursc</strong></span> <span class='ocrx_word' id='word_1_199' title='bbox 925 3629 1053 3711; x_wconf 71' lang='lat' dir='ltr'><strong>ignotus</strong></span> <span class='ocrx_word' id='word_1_200' title='bbox 1072 3629 1164 3693; x_wconf 86' lang='lat' dir='ltr'><strong>Hud-</strong></span> 
     </span>
     <span class='ocr_line' id='line_1_27' title="bbox 60 3725 1164 3819; baseline 0.001 -18"><span class='ocrx_word' id='word_1_201' title='bbox 60 3754 164 3801; x_wconf 83' lang='lat' dir='ltr'><strong>sonus</strong></span> <span class='ocrx_word' id='word_1_202' title='bbox 184 3736 268 3798; x_wconf 88' lang='lat' dir='ltr'><strong>idem</strong></span> <span class='ocrx_word' id='word_1_203' title='bbox 289 3738 443 3817; x_wconf 87' lang='lat' dir='ltr'><strong>protulit,</strong></span> <span class='ocrx_word' id='word_1_204' title='bbox 470 3725 706 3819; x_wconf 70' lang='lat' dir='ltr'><strong>inopiosas,</strong></span> <span class='ocrx_word' id='word_1_205' title='bbox 736 3735 775 3796; x_wconf 86' lang='lat' dir='ltr'><strong>ud</strong></span> <span class='ocrx_word' id='word_1_206' title='bbox 804 3754 929 3799; x_wconf 86' lang='lat' dir='ltr'><strong>sensum</strong></span> <span class='ocrx_word' id='word_1_207' title='bbox 950 3736 1079 3818; x_wconf 86' lang='lat' dir='ltr'><strong>quidem</strong></span> <span class='ocrx_word' id='word_1_208' title='bbox 1099 3738 1164 3802; x_wconf 87' lang='lat' dir='ltr'><strong>loci</strong></span> 
     </span>
     <span class='ocr_line' id='line_1_28' title="bbox 57 3843 1165 3928; baseline 0.005 -19"><span class='ocrx_word' id='word_1_209' title='bbox 57 3844 198 3909; x_wconf 83' lang='lat' dir='ltr'><strong>minimo</strong></span> <span class='ocrx_word' id='word_1_210' title='bbox 218 3844 375 3925; x_wconf 85' lang='lat' dir='ltr'><strong>ineptum,</strong></span> <span class='ocrx_word' id='word_1_211' title='bbox 406 3843 464 3906; x_wconf 91' lang='lat' dir='ltr'><strong>scd</strong></span> <span class='ocrx_word' id='word_1_212' title='bbox 491 3844 578 3907; x_wconf 86' lang='lat' dir='ltr'><strong>nuilo</strong></span> <span class='ocrx_word' id='word_1_213' title='bbox 607 3844 701 3907; x_wconf 91' lang='lat' dir='ltr'><strong>modo</strong></span> <span class='ocrx_word' id='word_1_214' title='bbox 725 3845 853 3928; x_wconf 78' lang='lat' dir='ltr'><strong>relgsts</strong></span> <span class='ocrx_word' id='word_1_215' title='bbox 883 3848 1022 3912; x_wconf 87' lang='lat' dir='ltr'><strong>iectiouc</strong></span> <span class='ocrx_word' id='word_1_216' title='bbox 1052 3852 1165 3915; x_wconf 84' lang='lat' dir='ltr'><strong>melius</strong></span> 
     </span>
     <span class='ocr_line' id='line_1_29' title="bbox 56 3954 1166 4034; baseline 0.004 -16"><span class='ocrx_word' id='word_1_217' title='bbox 56 3970 101 4019; x_wconf 76' lang='grc' dir='ltr'><strong>ιο</strong></span> <span class='ocrx_word' id='word_1_218' title='bbox 126 3958 297 4033; x_wconf 84' lang='lat' dir='ltr'><strong>prsetcreo</strong></span> <span class='ocrx_word' id='word_1_219' title='bbox 325 3954 507 4034; x_wconf 76' lang='lat' dir='ltr'><strong>neutiquam</strong></span> <span class='ocrx_word' id='word_1_220' title='bbox 535 3956 746 4019; x_wconf 73' lang='lat' dir='ltr'><strong>necessarium</strong></span> <span class='ocrx_word' id='word_1_221' title='bbox 767 3974 837 4017; x_wconf 89' lang='lat' dir='ltr'><strong>esse</strong></span> <span class='ocrx_word' id='word_1_222' title='bbox 859 3955 1003 4020; x_wconf 82' lang='lat' dir='ltr'><strong>dixerim.</strong></span> <span class='ocrx_word' id='word_1_223' title='bbox 1049 3959 1099 4021; x_wconf 72' lang='lat' dir='ltr'><strong>Ex</strong></span> <span class='ocrx_word' id='word_1_224' title='bbox 1127 3978 1166 4022; x_wconf 84' lang='lat' dir='ltr'><strong>se</strong></span> 
     </span>
     <span class='ocr_line' id='line_1_30' title="bbox 53 4060 1166 4143; baseline 0.003 -18"><span class='ocrx_word' id='word_1_225' title='bbox 53 4062 153 4125; x_wconf 79' lang='lat' dir='ltr'><strong>euim</strong></span> <span class='ocrx_word' id='word_1_226' title='bbox 168 4061 353 4143; x_wconf 79' lang='lat' dir='ltr'><strong>conjecturs</strong></span> <span class='ocrx_word' id='word_1_227' title='bbox 375 4080 467 4141; x_wconf 85' lang='lat' dir='ltr'><strong>quum</strong></span> <span class='ocrx_word' id='word_1_228' title='bbox 481 4060 664 4122; x_wconf 85' lang='lat' dir='ltr'><strong>Zosimudes</strong></span> <span class='ocrx_word' id='word_1_229' title='bbox 678 4060 809 4139; x_wconf 87' lang='lat' dir='ltr'><strong>deiude,</strong></span> <span class='ocrx_word' id='word_1_230' title='bbox 827 4062 970 4125; x_wconf 82' lang='lat' dir='ltr'><strong>Murrius</strong></span> <span class='ocrx_word' id='word_1_231' title='bbox 991 4072 1025 4127; x_wconf 85' lang='lat' dir='ltr'><strong>et</strong></span> <span class='ocrx_word' id='word_1_232' title='bbox 1043 4065 1166 4129; x_wconf 79' lang='lat' dir='ltr'><strong>(isitius</strong></span> 
     </span>
     <span class='ocr_line' id='line_1_31' title="bbox 51 4166 1165 4255; baseline 0.003 -22"><span class='ocrx_word' id='word_1_233' title='bbox 51 4167 372 4249; x_wconf 73' lang='lat' dir='ltr'><strong>comprobaverunt,</strong></span> <span class='ocrx_word' id='word_1_234' title='bbox 398 4169 452 4230; x_wconf 88' lang='lat' dir='ltr'><strong>iric</strong></span> <span class='ocrx_word' id='word_1_235' title='bbox 475 4166 661 4230; x_wconf 84' lang='lat' dir='ltr'><strong>efficeretur</strong></span> <span class='ocrx_word' id='word_1_236' title='bbox 680 4188 807 4232; x_wconf 82' lang='lat' dir='ltr'><strong>sensus:</strong></span> <span class='ocrx_word' id='word_1_237' title='bbox 826 4170 926 4247; x_wconf 88' lang='lat' dir='ltr'><strong>„urbs</strong></span> <span class='ocrx_word' id='word_1_238' title='bbox 946 4170 1072 4235; x_wconf 80' lang='lat' dir='ltr'><strong>clreicis</strong></span> <span class='ocrx_word' id='word_1_239' title='bbox 1092 4173 1165 4255; x_wconf 90' lang='lat' dir='ltr'><strong>plu·</strong></span> 
     </span>
     <span class='ocr_line' id='line_1_32' title="bbox 48 4275 1165 4359; baseline 0.004 -19"><span class='ocrx_word' id='word_1_240' title='bbox 48 4280 164 4343; x_wconf 68' lang='lat' dir='ltr'><strong>nmen</strong></span> <span class='ocrx_word' id='word_1_241' title='bbox 186 4275 315 4356; x_wconf 85' lang='lat' dir='ltr'><strong>quidem</strong></span> <span class='ocrx_word' id='word_1_242' title='bbox 336 4294 432 4357; x_wconf 81' lang='lat' dir='ltr'><strong>equus</strong></span> <span class='ocrx_word' id='word_1_243' title='bbox 452 4275 549 4337; x_wconf 82' lang='lat' dir='ltr'><strong>hebet</strong></span> <span class='ocrx_word' id='word_1_244' title='bbox 567 4276 679 4354; x_wconf 79' lang='lat' dir='ltr'><strong>scisse,</strong></span> <span class='ocrx_word' id='word_1_245' title='bbox 700 4296 793 4339; x_wconf 83' lang='lat' dir='ltr'><strong>unum</strong></span> <span class='ocrx_word' id='word_1_246' title='bbox 814 4284 917 4339; x_wconf 87' lang='lat' dir='ltr'><strong>sutem</strong></span> <span class='ocrx_word' id='word_1_247' title='bbox 938 4280 1014 4341; x_wconf 79' lang='lat' dir='ltr'><strong>sotto</strong></span> <span class='ocrx_word' id='word_1_248' title='bbox 1036 4279 1165 4359; x_wconf 83' lang='lat' dir='ltr'><strong>quidem</strong></span> 
     </span>
     <span class='ocr_line' id='line_1_33' title="bbox 47 4382 1165 4475; baseline 0.003 -27"><span class='ocrx_word' id='word_1_249' title='bbox 47 4382 272 4461; x_wconf 70' lang='lat' dir='ltr'><strong>tunsionem,</strong></span> <span class='ocrx_word' id='word_1_250' title='bbox 298 4402 356 4446; x_wconf 88' lang='lat' dir='ltr'><strong>usu</strong></span> <span class='ocrx_word' id='word_1_251' title='bbox 382 4400 460 4444; x_wconf 77' lang='lat' dir='ltr'><strong>vero</strong></span> <span class='ocrx_word' id='word_1_252' title='bbox 490 4382 647 4445; x_wconf 85' lang='lat' dir='ltr'><strong>ssinbrem</strong></span> <span class='ocrx_word' id='word_1_253' title='bbox 677 4390 710 4445; x_wconf 87' lang='lat' dir='ltr'><strong>et</strong></span> <span class='ocrx_word' id='word_1_254' title='bbox 736 4384 916 4464; x_wconf 79' lang='lat' dir='ltr'><strong>frigidsm“‚</strong></span> <span class='ocrx_word' id='word_1_255' title='bbox 946 4387 991 4447; x_wconf 86' lang='lat' dir='ltr'><strong>its</strong></span> <span class='ocrx_word' id='word_1_256' title='bbox 1018 4394 1055 4450; x_wconf 89' lang='lat' dir='ltr'><strong>ut</strong></span> <span class='ocrx_word' id='word_1_257' title='bbox 1079 4390 1165 4475; x_wconf 63' lang='lat' dir='ltr'><strong>intcp</strong></span> 
     </span>
     <span class='ocr_line' id='line_1_34' title="bbox 45 4482 1165 4579; baseline 0.008 -28"><span class='ocrx_word' id='word_1_258' title='bbox 45 4490 167 4557; x_wconf 74' lang='lat' dir='ltr'><strong>verus</strong></span> <span class='ocrx_word' id='word_1_259' title='bbox 194 4486 303 4579; x_wconf 73' lang='grc' dir='ltr'><strong><em>ἡσυχῇ</em></strong></span> <span class='ocrx_word' id='word_1_260' title='bbox 327 4482 391 4578; x_wconf 78' lang='grc' dir='ltr'><strong>μὲν</strong></span> <span class='ocrx_word' id='word_1_261' title='bbox 419 4482 591 4573; x_wconf 78' lang='grc' dir='ltr'><em>ὑπόγλυκυ</em></span> <span class='ocrx_word' id='word_1_262' title='bbox 619 4500 653 4553; x_wconf 89' lang='lat' dir='ltr'><strong>et</strong></span> <span class='ocrx_word' id='word_1_263' title='bbox 672 4496 717 4577; x_wconf 82' lang='grc' dir='ltr'><strong>τῇ</strong></span> <span class='ocrx_word' id='word_1_264' title='bbox 737 4485 776 4552; x_wconf 78' lang='grc' dir='ltr'><strong>δὲ</strong></span> <span class='ocrx_word' id='word_1_265' title='bbox 794 4496 892 4575; x_wconf 78' lang='grc' dir='ltr'><em>χρείᾳ</em></span> <span class='ocrx_word' id='word_1_266' title='bbox 913 4490 1061 4575; x_wconf 66' lang='grc' dir='ltr'><em>ὑγιεινόν</em></span> <span class='ocrx_word' id='word_1_267' title='bbox 1080 4498 1165 4560; x_wconf 84' lang='lat' dir='ltr'><strong>nulls</strong></span> 
     </span>
     <span class='ocr_line' id='line_1_35' title="bbox 45 4601 1164 4684; baseline 0.003 -20"><span class='ocrx_word' id='word_1_268' title='bbox 45 4602 163 4683; x_wconf 59' lang='lat' dir='ltr'><strong>pisus</strong></span> <span class='ocrx_word' id='word_1_269' title='bbox 186 4602 348 4683; x_wconf 89' lang='lat' dir='ltr'><strong>oppositio</strong></span> <span class='ocrx_word' id='word_1_270' title='bbox 370 4601 489 4664; x_wconf 82' lang='lat' dir='ltr'><strong>evsdnt.</strong></span> <span class='ocrx_word' id='word_1_271' title='bbox 531 4602 565 4663; x_wconf 90' lang='lat' dir='ltr'><strong>iu</strong></span> <span class='ocrx_word' id='word_1_272' title='bbox 578 4601 704 4684; x_wconf 77' lang='lat' dir='ltr'><strong>vulgato</strong></span> <span class='ocrx_word' id='word_1_273' title='bbox 718 4608 822 4664; x_wconf 86' lang='lat' dir='ltr'><strong>sutem</strong></span> <span class='ocrx_word' id='word_1_274' title='bbox 843 4602 906 4665; x_wconf 89' lang='lat' dir='ltr'><strong>ioci</strong></span> <span class='ocrx_word' id='word_1_275' title='bbox 925 4602 1064 4667; x_wconf 84' lang='lat' dir='ltr'><strong>lectione</strong></span> <span class='ocrx_word' id='word_1_276' title='bbox 1084 4605 1164 4667; x_wconf 84' lang='lat' dir='ltr'><strong>hsce</strong></span> 
     </span>
     <span class='ocr_line' id='line_1_36' title="bbox 44 4707 1163 4792; baseline 0 -19"><span class='ocrx_word' id='word_1_277' title='bbox 44 4707 227 4773; x_wconf 62' lang='lat' dir='ltr'><strong>muniis</strong></span> <span class='ocrx_word' id='word_1_278' title='bbox 246 4710 426 4771; x_wconf 89' lang='lat' dir='ltr'><strong>continetur</strong></span> <span class='ocrx_word' id='word_1_279' title='bbox 446 4711 514 4771; x_wconf 90' lang='lat' dir='ltr'><strong>sine</strong></span> <span class='ocrx_word' id='word_1_280' title='bbox 528 4710 625 4772; x_wconf 81' lang='lat' dir='ltr'><strong>dotto</strong></span> <span class='ocrx_word' id='word_1_281' title='bbox 646 4711 823 4772; x_wconf 79' lang='lat' dir='ltr'><strong>senissimo:</strong></span> <span class='ocrx_word' id='word_1_282' title='bbox 843 4710 940 4788; x_wconf 84' lang='lat' dir='ltr'><strong>„urbs</strong></span> <span class='ocrx_word' id='word_1_283' title='bbox 953 4712 1079 4775; x_wconf 80' lang='lat' dir='ltr'><strong>choicis</strong></span> <span class='ocrx_word' id='word_1_284' title='bbox 1092 4712 1163 4792; x_wconf 85' lang='lat' dir='ltr'><strong>plu·</strong></span> 
     </span>
     <span class='ocr_line' id='line_1_37' title="bbox 44 4814 1164 4899; baseline -0.002 -16"><span class='ocrx_word' id='word_1_285' title='bbox 44 4816 165 4883; x_wconf 64' lang='lat' dir='ltr'><strong>etms·</strong></span> <span class='ocrx_word' id='word_1_286' title='bbox 187 4814 318 4897; x_wconf 81' lang='lat' dir='ltr'><strong>quidem</strong></span> <span class='ocrx_word' id='word_1_287' title='bbox 338 4834 436 4897; x_wconf 76' lang='lat' dir='ltr'><strong>equus</strong></span> <span class='ocrx_word' id='word_1_288' title='bbox 455 4816 552 4883; x_wconf 80' lang='lat' dir='ltr'><strong>hebet</strong></span> <span class='ocrx_word' id='word_1_289' title='bbox 572 4816 680 4895; x_wconf 78' lang='lat' dir='ltr'><strong>seinse,</strong></span> <span class='ocrx_word' id='word_1_290' title='bbox 701 4836 793 4881; x_wconf 83' lang='lat' dir='ltr'><strong>unum</strong></span> <span class='ocrx_word' id='word_1_291' title='bbox 814 4823 917 4883; x_wconf 78' lang='lat' dir='ltr'><strong>sutem</strong></span> <span class='ocrx_word' id='word_1_292' title='bbox 937 4820 1014 4883; x_wconf 85' lang='lat' dir='ltr'><strong>setis</strong></span> <span class='ocrx_word' id='word_1_293' title='bbox 1035 4818 1164 4899; x_wconf 83' lang='lat' dir='ltr'><strong>quidem</strong></span> 
     </span>
    </p>
   </div>
   <div class='ocr_carea' id='block_1_4' title="bbox 0 0 1317 5228">
    <p class='ocr_par' dir='ltr' id='par_1_4' title="bbox 0 0 1317 5228">
     <span class='ocr_line' id='line_1_38' title="bbox 0 0 1317 5228; baseline 0 0"><span class='ocrx_word' id='word_1_294' title='bbox 0 0 1317 5228; x_wconf 95' lang='lat' dir='ltr'><strong> </strong></span> 
     </span>
    </p>
   </div>
  </div>
 </body>
</html>
