2610 5228
388 749 757 827 -141—

84 965 186 1041 ητος
211 938 347 1035 λιμός,
377 933 508 1035 λη’θην
529 944 770 1031 εμποιοῦσα
789 943 859 1035 τῆς
879 946 964 1013 τυδν
986 950 1115 1020 σίτων

87 1052 302 1142 οσφοροῗς·
341 1042 497 1140 ἐφόδια
527 1043 573 1116 δό
604 1044 779 1133 ἔχουσιν
811 1051 994 1147 οὐδεμία
1023 1078 1116 1125 τοι·

88 1186 140 1250 τη
169 1154 277 1249 πρός
304 1150 472 1251 ηδονην.
507 1161 569 1225 καί
589 1150 691 1246 ότιρα
711 1151 753 1224 δὲ
775 1156 796 1249 ἡ
816 1152 920 1239 πόλις
940 1156 1027 1252 ηδία
1047 1160 1118 1253 ἔχει

82 1280 85 1337 ἓ
117 1268 245 1339 πολλά.
283 1274 357 1338 καῖ
388 1292 464 1357 γαρ
496 1269 543 1334 αί
569 1262 771 1356 σόνεγγυς
809 1266 942 1362 αὐτῆς
972 1269 1118 1354 πόλεις

90 1371 270 1447 οάστεια
300 1374 382 1446 τῶν
413 1378 642 1468 Ἀθηναίων
671 1377 785 1445 είσίν.
818 1378 981 1464 άγαθοί
1009 1374 1056 1448 δὲ
1077 1382 1120 1447 οἱ

84 1492 337 1568 τοικοῦντες
357 1480 480 1580 αὐτὴν
504 1490 635 1555 παντί
654 1493 817 1576 τεχνίτη
836 1494 1118 1581 περιποιῆσαι

88 1593 175 1680 ξαν
194 1593 386 1690 μεγάλην
414 1597 484 1664 ἐπὶ
514 1606 607 1675 τοῖς
628 1588 1031 1690 εὐτυγχανομόνοις
1052 1597 1117 1667 ίκ-

89 1704 240 1786 λόντες
259 1702 335 1784 τάς
355 1707 573 1798 εδημερίας
593 1697 856 1789 θαυμαστόν
882 1703 1119 1774 πλινθίνων

82 1808 155 1881 ἴων
176 1809 395 1902 ἀνθρώπῳ
416 1808 705 1883 διδασκάλων.
735 1814 808 1881 τῶν
828 1805 868 1880 δὲ
887 1811 1120 1882 ἐνοικούντων

83 1915 147 2014 μὲν
168 1921 288 1990 αὐτῶν
306 1924 476 2005 Ἀττικοί,
507 1923 544 1990 οἱ
561 1916 600 1989 δὲ
619 1919 805 2015 Ἀθηναῖοι.
838 1916 954 2016 οἱμὲν
973 1921 1120 1991 Ἀττικοί

82 2039 206 2119 ρίεργοι
225 2042 303 2111 ταῖς
323 2030 470 2113 λαλιαῑς,
495 2024 659 2112 όποολοι,
682 2026 980 2121 συκοφαντιάδεις,
1002 2054 1118 2120 παρα·

82 2146 175 2231 ρηται·
194 2142 265 2206 τῶν
287 2133 431 2220 ξενικῶν
452 2140 555 2217 βίων·
579 2140 615 2205 οί
627 2133 665 2203 δίε
677 2137 856 2231 Ἀθηναῖοι
869 2134 1120 2231 μεγαλόψυχοι,

82 2246 146 2314 ’λοῖ
165 2260 239 2327 τοῖς
259 2242 423 2334 τρόποις,
455 2246 571 2335 φιλίας
597 2240 730 2334 γνήσιοι
758 2243 920 2335 φύλακες.
949 2240 1121 2335 διατρί-

82 2375 159 2421 νυσι
180 2351 224 2420 δέ
245 2374 359 2432 τινες
380 2353 421 2419 ίν
442 2357 489 2443 τῇ
516 2347 640 2420 πόλει
666 2349 955 2442 λογογράφοι,
990 2362 1122 2424 σείον-

84 2484 101 2539 ς
127 2454 226 2539 τοδς
251 2461 671 2550 παρεπιδημοῦντας
696 2464 769 2529 καί
797 2459 1011 2549 είπόρους
1038 2459 1124 2532 τῶν

86 2590 187 2635 νων·
210 2560 282 2647 οὖς
302 2561 411 2635 όταν
433 2566 453 2633 ο”
474 2570 611 2661 δῆμος
627 2559 750 2660 λάβῃ,
780 2565 983 2663 σκληραῖς
1002 2590 1122 2659 περι·

82 2668 188 2744 ίλλει
221 2676 402 2769 ζημίαις.
438 2676 476 2743 οί
501 2672 541 2743 δδ
568 2677 756 2767 εἰλικρινεῖς
780 2678 960 2761 Ἀθηναῖοι
990 2683 1123 2771 δριμεῖς

82 2777 110 2851 ἰν
128 2787 262 2872 τεχνῶν
283 2784 457 2872 άκροαταί
477 2777 536 2852 διά
564 2778 628 2865 τάς
656 2797 815 2876 συνεχεῖς.
849 2782 897 2856 τὸ
926 2787 1122 2857 καθόλου

101 2886 202 2961 ὅσον
232 2893 278 2959 σί
302 2892 454 2961 λοιπαί
482 2886 631 2974 πόλεις
657 2887 765 2984 πρός
794 2917 837 2963 τε
864 2892 1022 2988 η’δονὴν
1051 2898 1125 2965 καί

82 2999 136 3067 ἷου
165 2997 403 3092 διόρθωσιν
437 3005 519 3071 τοῖν
545 2999 1018 3093 άγριδνδιαφόρουσιν,
1052 3026 1124 3070 το·

82 3112 196 3177 νότον
221 3114 307 3178 τῶν
335 3109 496 3179 λοιπῶν
527 3107 699 3180 πόλεων
729 3111 749 3202 ἡ
779 3116 864 3179 τοῖν
892 3110 1127 3202 Ἀθηναίων

82 3211 345 3303 αραλλάττει.
368 3212 603 3304 φυλακτέον
626 3219 664 3285 δ’
688 3221 744 3296 αίς
764 3213 826 3285 ἔνι
846 3211 1032 3308 μάλιστα
1053 3208 1127 3294 τὰς

82 3333 232 3415 ταίρας,
257 3320 312 3415 μὴ
332 3324 443 3417 λάθη
464 3350 526 3407 τις
547 3321 687 3416 ἡδέως
707 3320 994 3415 άπολόμευος.
1015 3323 1036 3389 ό
1059 3320 1128 3389 στί-

82 3438 324 3514 ιςΛυσίππου·
830 3498 832 3503 ⁴

138 3540 172 3608 εί
187 3536 233 3635 pr)
255 3537 424 3610 τεθέασαι
447 3534 511 3622 τάς
528 3533 689 3631 Ἀθάνας,
713 3532 873 3625 στέλεχος
893 3530 930 3605 εἴ.

138 3648 173 3716 εί
190 3642 229 3714 δὲ
250 3642 432 3727 τεθέασαι,
455 3645 502 3738 μὴ
523 3644 729 3739 τεθάρευσαι
749 3648 799 3726 δ’,
822 3643 919 3727 ὄνος·

139 3756 172 3823 εί
190 3754 224 3821 δ’
248 3756 445 3843 εὐαρεστεῖν
465 3750 685 3843 άποτρὲχεις,
711 3748 909 3846 κανθήλιος.

138 3856 225 3954 αὕτη
246 3859 347 3941 πολις
367 3858 446 3929 ἔσθ’
465 3858 619 3954 Ἑλληνίς
641 3861 661 3950 ἡ
684 3854 806 3953 ῥόδοις
826 3857 946 3956 δισσὴν

138 3972 290 4038 εὐωδίαν
311 3967 440 4056 ἔχουσα
462 3975 522 4037 καί
542 3968 856 4040 ΑΜΑΛΗΛΙΑΝ.

137 4071 186 4145 τά
206 4070 273 4165 γάρ
294 4073 503 4145 ΑΛΙΕΙΤΑ
520 4070 671 4170 μεγάλην
693 4078 739 4157 είς
761 4072 887 4167 σχολὴν
908 4070 1000 4166 άγει,

139 4178 269 4272 τὸγὰρ
294 4178 437 4252 άλιακὸν
459 4183 537 4265 ἔτος
556 4207 598 4277 με
618 4188 803 4277 μαίνεσθαι
825 4195 931 4255 ποιεῖ.

141 4290 231 4363 ὅταν
253 4288 373 4385 δὲτὴν
395 4286 516 4387 λεόκην
538 4318 588 4375 τις
608 4292 727 4362 αότοῖν
747 4290 892 4381 πραέως
980 4350 983 4355 .

141 4396 290 4471 άλιακόν
311 4397 397 4470 εἶναι
419 4398 595 4491 στέφανον
617 4397 710 4492 εἴπη,
731 4407 897 4490 πνίγομαι

144 4505 260 4591 οὕτως
280 4511 333 4576 ἐπ’
357 4509 492 4592 αὐτοῖς,
515 4505 605 4578 ιόστε
624 4507 761 4601 μᾶλλον
783 4501 827 4572 άν
848 4497 965 4574 θέλειν

143 4618 414 4709 ἀποκαρτερεῖν,
435 4614 455 4710 ἢ
477 4616 576 4687 ταῦτ’
600 4610 741 4685 άκοόων
762 4624 950 4703 καρτερεῖν.

145 4731 291 4797 τοιοδτο
312 4731 385 4799 τοῖν
407 4720 518 4810 ξένων
537 4750 572 4794 τι
593 4724 750 4795 καλεῖται
771 4720 904 4804 σκότος.
