2610 5228
239 195 245 203 l

10 31 912 369 -
475 306 680 325 ““’”

199 368 202 375 .
944 304 1289 369 -ιιι-

1237 380 1245 397 Ι

423 764 768 842 ...ὀρ-..-

49 958 205 1011 uuiversum
231 953 347 1009 eundem
367 971 477 1026 quoque
504 954 601 1021 dialogi
625 955 654 1008 iu
678 955 805 1009 dramatis
822 955 918 1009 Atticis
941 971 999 1009 esse
1021 963 1139 1021 mustst,

51 1060 79 1106 et
97 1051 134 1120 ob
152 1050 233 1103 uostsi
251 1048 304 1123 loci
323 1065 427 1101 seusum
446 1064 496 1118 pro
514 1049 601 1101 medio
620 1065 681 1101 curn
701 1049 790 1107 activa
813 1048 1023 1116 significatione,
1051 1065 1141 1121 raeque

51 1163 117 1200 reso
134 1161 183 1215 pro
199 1143 306 1215 passivo
325 1142 553 1215 interpretandum
572 1153 599 1195 et
617 1143 650 1194 ud
668 1147 734 1201 rim
749 1160 782 1196 ex
793 1144 948 1203 πλουτοῦντι
960 1143 1142 1217 praecedente

52 1236 183 1293 vocabalo
205 1234 327 1314 eisdam
352 1242 441 1287 meula
465 1235 642 1306 supplendum
664 1245 721 1301 ost,
748 1235 801 1289 uisi
826 1236 894 1289 iorte
920 1254 970 1307 pro
994 1239 1058 1295 sim
1080 1250 1142 1291 esu

52 1332 139 1405 aliqua
158 1328 271 1384 audacis
291 1329 515 1402 palaeographics
533 1335 651 1388 πλουτεῖν
676 1332 704 1384 iu
729 1338 800 1385 texta
818 1330 980 1384 substituere
998 1331 1073 1384 libet.
1108 1331 1142 1383 iu

51 1427 194 1496 liusgrasii
213 1426 331 1480 editione
348 1424 483 1497 Euripidis
501 1435 520 1478 t.
539 1426 576 1491 li,
594 1444 621 1496 p.
639 1426 699 1485 489.
718 1426 835 1495 lragmm.
854 1426 949 1480 incert.
968 1440 1009 1477 nr.
1024 1425 1075 1481 tas
1091 1440 1142 1495 pto

50 1528 111 1579 sim
128 1520 228 1588 iegitur
252 1527 332 1577 eiecta
356 1521 489 1590 amboque
507 1535 597 1571 sersus
624 1518 661 1571 its
687 1520 807 1572 translati
833 1526 915 1578 sual:
948 1516 1034 1583 „uoto
1062 1516 1142 1571 diviti

51 1616 149 1669 dorsum
168 1613 232 1666 dare
250 1630 350 1682 pauper
367 1613 438 1683 ipse.
464 1629 498 1664 ue
517 1611 559 1665 rel
577 1611 702 1664 stolidum
719 1620 810 1684 putes,
829 1616 871 1666 rel
890 1614 1017 1671 dousudo
1035 1618 1143 1671 meudi-

52 1726 109 1769 care
126 1707 252 1761 videar.“
288 1707 411 1759 Ceterum
430 1705 492 1759 luco
510 1723 591 1777 supra
609 1707 743 1782 exscripto
764 1707 925 1763 Menenium
942 1711 1142 1767 Dicaearchum
1174 1688 1177 1695 Ι

52 1803 252 1871 intelligendum
270 1818 326 1854 esse
344 1803 398 1869 jam
417 1800 478 1855 idco
496 1801 606 1854 minime
625 1800 735 1865 dubito,
767 1800 840 1872 quod
867 1807 1019 1861 accuratior
1041 1806 1142 1875 signid-

54 1898 121 1954 estio
137 1915 196 1952 nou
215 1895 307 1949 addita
326 1905 376 1954 cal.
412 1897 474 1968 Quo
493 1886 590 1950 'samen
613 1897 642 1950 iu
668 1914 749 1969 opere
768 1897 962 1969 Peripateticus
984 1901 1018 1957 ds
1037 1903 1144 1957 rstious

53 2010 174 2048 rersuom
192 1984 363 2058 allegatorur'u
383 1990 572 2061 disputaverit,
592 2011 626 2045 ue
645 1992 747 2061 conjici
765 1991 874 2066 quidem
892 2003 996 2067 potest;
1019 1998 1095 2051 rasio
1112 1995 1143 2050 id

55 2087 244 2142 sententiarum
262 2103 386 2140 connexu
405 2086 461 2138 ficri
480 2096 586 2158 poterat
604 2104 691 2159 usque
711 2088 767 2140 ullo
786 2088 865 2145 modo
886 2107 947 2143 cum
965 2090 1069 2145 Naekio
1086 2100 1144 2145 sta·

56 2188 153 2236 luamus
179 2197 288 2235 neccsse
313 2189 354 2235 est
371 2180 587 2246 Dicaearchum,
615 2181 661 2233 ubi
689 2181 723 2234 de
740 2182 867 2252 Euripide
892 2183 966 2256 apud
984 2183 1145 2253 Archelaum

10 2298 13 2319 τ
57 2282 217 2329 commoratu
240 2273 320 2325 rerba
346 2273 468 2337 iecisset,
501 2274 563 2326 illos
593 2291 681 2326 versus
707 2274 837 2326 attulisse.
879 2275 920 2328 Ex
943 2275 996 2328 hac
1020 2276 1146 2333 nimirum

57 2364 145 2422 llaelii
166 2364 310 2424 seuteulla,
330 2380 410 2436 quam
429 2370 517 2416 tamen
536 2367 594 2434 ipae
613 2382 666 2417 nou
685 2373 780 2434 utputa
798 2382 878 2416 uuam
897 2366 1069 2421 rectissimam
1085 2386 1149 2439 pro·

57 2461 152 2531 posuit,
173 2458 371 2529 simplissimum
389 2457 458 2510 foret
475 2458 508 2510 de
526 2458 651 2524 singulari
670 2459 829 2512 Dicaearchi
847 2459 916 2514 libro
935 2463 1053 2529 cogitare
1068 2479 1148 2535 super

57 2552 184 2626 Euripide
202 2551 245 2604 vel
262 2550 356 2607 saltem
375 2566 454 2619 super
471 2550 579 2617 tragicis
597 2551 708 2621 scripto,
733 2569 890 2627 quanquam
908 2554 988 2608 etiam
1007 2556 1147 2626 digressio·

59 2664 110 2701 sem
133 2655 254 2700 statuere
277 2644 341 2697 licet
365 2644 393 2697 iu
419 2645 472 2697 aiio
489 2644 648 2699 Dicaearchi
675 2664 757 2718 opere
775 2649 918 2702 occasione
936 2650 1026 2704 oblata
1044 2651 1146 2706 iactam

61 2742 128 2813 eique
146 2741 261 2792 fortasse
279 2736 406 2799 similem,
426 2754 495 2808 quse
513 2737 584 2810 apud
604 2739 761 2791 Pausaniam
782 2743 807 2801 l,
827 2757 852 2796 e.
869 2747 894 2797 2.
915 2745 1053 2817 reperitur.
1088 2744 1144 2817 Qui

62 2835 159 2905 quidem
185 2836 260 2886 locus
284 2832 362 2885 simul
387 2831 420 2885 de
443 2832 513 2885 illius
537 2832 633 2899 tragici
652 2834 722 2905 apud
741 2835 900 2888 Archelaum
919 2840 1142 2901 commuratione,

64 2927 91 2978 sd
105 2946 184 3002 quam
194 2928 299 2981 Crateri
317 2943 407 2979 amore
425 2935 572 2980 commotus
590 2936 656 2989 crat,
676 2928 793 2981 conferri
811 2938 901 3001 potest
918 2947 978 2984 cum
994 2931 1144 2997 fragmento

65 3036 91 3073 ex
109 3023 333 3079 Hemesisnsctis
359 3022 472 3073 Leontio
499 3021 573 3093 apud
598 3021 693 3076 Athen.
712 3024 795 3087 xm,
815 3025 875 3079 598.
896 3025 921 3078 d.
939 3042 963 3077 e.
1000 3024 1090 3077 Schol.
1110 3023 1146 3076 sd

67 3114 132 3169 brist.
150 3119 218 3169 hau.
237 3132 274 3166 rs.
292 3116 335 3172 85.
371 3114 540 3185 Moschopul.
558 3113 651 3187 σύνοιρ.
670 3115 717 3172 rori
734 3122 793 3187 βίον
814 3117 862 3173 τοῦ
880 3113 1000 3190 Eripsuld.
1023 3116 1146 3170 Thourse

66 3205 169 3273 liaristr.
194 3205 289 3282 orissp.
311 3232 336 3264 τ.
357 3216 383 3279 β.
406 3232 430 3264 r.
454 3205 520 3282 Erip.
538 3217 589 3261 etc.
625 3209 711 3260 Etiam
737 3226 770 3261 es
797 3209 996 3274 Agatharchide
1019 3217 1078 3285 supi
1100 3210 1148 3283 τῆς

10 3348 12 3363 ,
69 3302 167 3377 δριθρὸς
191 3301 328 3366 θαλάσσης
354 3301 426 3372 apud
454 3301 579 3353 Photiuru
607 3301 672 3351 bibl.
700 3302 743 3362 ll,
770 3319 795 3369 p.
816 3301 876 3353 446.
895 3301 922 3350 b.
949 3304 984 3356 29
1014 3302 1149 3355 curicitico

70 3396 124 3448 ratio
140 3397 212 3450 iuter
230 3395 382 3464 Euripidem
402 3403 429 3446 et
448 3394 609 3447 Archelaum
629 3393 807 3445 intercurrisse
826 3392 916 3457 colligi
935 3402 1032 3463 potest.

10 3354 23 3565 i
124 3493 169 3562 59)
188 3491 254 3544 hdr.
273 3488 473 3565 mathematice.
493 3490 543 3551 111,
563 3506 588 3558 p.
601 3489 645 3546 84,
668 3487 713 3538 uhi
733 3486 767 3539 de
785 3486 911 3538 vocabuli
928 3483 1055 3552 ὖηόθισις
1072 3489 1162 3561 ιίρζιιί-ἱ

75 3579 226 3637 icatiouibus
244 3602 330 3638 sermo
349 3594 403 3648 est,
428 3583 508 3640 soris
524 3588 552 3639 dl
568 3579 706 3657 ἅπαρκίσιι
723 3583 816 3656 τριχῶς
842 3586 980 3656 λέγεσθαι·
1012 3580 1079 3641 καθ’
1107 3586 1150 3642 ira

76 3680 109 3744 rit
126 3679 236 3755 spinos,
266 3677 443 3755 ἧδραματικὴ
470 3687 629 3753 πιριπίιιια·
659 3676 730 3734 καθὸ
756 3682 800 3732 sol
822 3676 946 3752 sparseris
970 3683 1014 3733 sul
1037 3678 1150 3752 ιιιιμικῆι

76 3761 182 3830 iniussu
204 3778 270 3830 risus
291 3779 398 3846 λέγομεν
420 3779 464 3829 aul
486 3771 649 3847 Δικαιάρχου
672 3771 744 3837 τινὰς
770 3768 910 3839 ὑποθέσεις
932 3773 983 3830 sair
1004 3770 1150 3850 Εὐριπίδου

10 3875 12 3912 :
78 3869 279 3942 ”lassatum
295 3867 403 3948 μύθων,
433 3865 480 3924 οὔκ
497 3865 561 3925 uilio
578 3892 604 3923 τι
620 3865 755 3932 καλοῦντες
771 3863 901 3924 ὑπόθεσιν
916 3864 936 3941 ἢ
952 3866 1001 3943 sris
1017 3869 1064 3924 τοῦ
1082 3865 1149 3940 δρά-

10 3956 13 3963 ’
79 3975 142 4024 mcc
155 3970 321 4034 περιπέτειαι.
356 3962 418 4031 Quo
437 3962 498 4014 loco
516 3960 587 4024 τινὰς
606 3961 709 4012 duohus
730 3959 814 4012 ruodis
832 3962 961 4033 explicari
980 3971 1084 4033 potest,
1106 3966 1152 4009 aut

80 4046 231 4110 laurices:
250 4055 322 4128 quod
340 4054 475 4127 quasdam
494 4054 638 4120 significet,
673 4063 803 4126 quatenus
830 4055 864 4107 dc
890 4073 971 4126 opere
991 4049 1151 4104 Dicaearchi

79 4157 122 4198 uou
139 4149 233 4223 ubique
252 4161 421 4203 holoserico
440 4149 496 4211 liar,
516 4157 562 4200 aut
581 4158 618 4209 ut,
637 4149 862 4220 quemadmodum
880 4166 945 4220 prae
958 4149 1053 4200 ceteris
1064 4143 1152 4194 Osan-

79 4251 116 4292 lta
130 4250 234 4308 statuit,
255 4245 325 4297 idem
344 4245 380 4297 sit
396 4242 469 4315 quod
488 4243 650 4306 nonnullus,
670 4243 740 4297 uude
760 4243 944 4297 Dicaearchus
961 4237 1152 4290 nonnullarum

78 4338 163 4389 ltutum
182 4340 252 4393 illius
271 4339 406 4409 utriusque
431 4344 529 4408 poetae
555 4336 747 4403 tragoediarum
772 4351 935 4404 eurumque,
972 4338 1002 4384 ul
1028 4331 1154 4384 Occursus

79 4433 239 4498 conjiciebat,
273 4433 540 4504 praeclarissimsruur
566 4441 592 4483 et
615 4433 825 4498 gravissimarum
851 4437 928 4479 caute
947 4426 1090 4479 electarum
1111 4444 1153 4477 ur·

10 4588 12 4593 ,
78 4536 182 4585 tamenta
210 4528 391 4598 composuisse
416 4526 574 4578 efficeretur.
618 4525 737 4577 Priorem
764 4539 826 4573 vero
855 4520 977 4591 equidem
1005 4521 1154 4590 amplector

10 4658 16 4688 ρ
77 4623 235 4682 seutentiam,
272 4640 354 4693 quum
378 4642 426 4691 pro
452 4600 591 4691 posteriori
618 4616 759 4678 ὖηοθίοιις
783 4614 859 4670 sarda
879 4613 942 4691 Erip.
960 4640 982 4672 ιι.
1000 4621 1067 4685 Σοφ.
1084 4609 1153 4682 perid.

77 4712 119 4770 dici
138 4715 302 4780 maluissem,
332 4715 411 4786 idque
433 4724 534 4768 tuntum
553 4714 669 4781 adjicio,
702 4710 775 4781 quod
800 4718 888 4790 upstra
915 4719 970 4762 totu
999 4701 1154 4776 inquirendi
