2610 5228
484 86 828 158 ..-..‹,;,„...„

111 295 218 358 agam,
256 279 380 339 omnino
411 280 530 341 suflicit
557 281 733 361 fragmenta
760 277 849 342 Bion
880 299 959 360 quae
991 277 1102 342 relicta
1130 287 1201 343 sunt

110 386 221 447 ordine
244 405 335 464 quem
354 387 420 468 jam
441 407 537 468 snpra
558 388 693 449 indicavi
715 388 875 450 exhibere.

190 493 214 554 1.
233 493 424 575 Fragmenta
437 486 541 571 Βίου,
563 481 643 575 ajune
660 514 731 557 cum
752 500 841 557 certo
863 494 955 557 simul
977 493 1094 559 indicio
1114 494 1201 573 libri,
1284 514 1289 524 ·

111 617 173 680 quo
192 602 436 681 pertinuerunt,
456 602 680 682 proferuntur:
710 598 754 688 1)
776 624 816 666 cx
836 605 940 685 primo
961 605 1061 666 libro:
1083 596 1201 691 a)'Dl·

108 700 297 786 crcarchus,
334 729 428 790 quum
460 712 616 774 Homerus
652 710 864 798 tantummodo
894 713 1025 793 tripolin
1055 711 1201 773 Doricam

106 822 326 895 memorasset,
347 820 518 899 tetrapoliu
533 820 678 882 Doricam
699 823 817 881 statuit.
830 815 881 901 ²⁰)
923 815 968 900 b)
987 817 1206 881 Dicaearchus.

105 921 221 985 Ninum
242 926 459 1006 cognominem
480 927 540 988 sibi
561 927 671 987 urbem
687 926 820 989 Niniven
835 922 996 1012 (Ninum)
1019 924 1200 989 condidisse

104 1031 258 1115 prodidit
310 1034 460 1112 Quartum
483 1033 638 1097 decimum
660 1036 697 1097 ab
718 1035 780 1097 boc
801 1055 927 1117 regem,
962 1037 1084 1096 nomine
1105 1032 1200 1095 (ibal-

107 1137 238 1217 daeum,
283 1141 521 1203 celeberrimam
557 1143 669 1203 urbem
703 1143 893 1224 Babylonem
928 1141 967 1202 ad
1002 1141 1201 1221 Euphratem

105 1246 227 1309 auxisse
255 1252 289 1308 et
318 1266 444 1311 ornasse
474 1268 644 1330 omnesque
674 1268 752 1330 quoa
783 1248 928 1311 dicerent
949 1248 1123 1311 chaldaeos
1153 1242 1201 1311 lbi

104 1355 352 1436 congregavisse.
403 1356 452 1418 Ne
472 1358 629 1419 minimam
652 1358 777 1438 quidem
799 1358 990 1437 inuestigare
1012 1358 1102 1437 potui
1123 1376 1199 1418 cau·

103 1477 183 1539 sam,
205 1480 267 1541 qua
287 1465 434 1523 commoti
457 1483 526 1524 cum
548 1464 670 1525 Naelrio
693 1465 880 1540 dubitemus,
900 1483 972 1525 num
994 1464 1073 1524 haec
1096 1466 1198 1526 omnia

103 1586 140 1630 ex
160 1567 357 1630 Dicaearcho
385 1571 526 1648 repetita
554 1571 626 1630 siut.
641 1568 692 1650 ²¹)
737 1565 776 1656 c)
799 1567 1024 1648 chronologica
1051 1569 1091 1631 de
1119 1577 1199 1632 tem·

101 1693 184 1757 pore
206 1675 383 1752 expositio,
406 1693 469 1751 quo
490 1675 715 1750 sesonchosis,
743 1694 801 1735 rex
822 1676 980 1755 Aegypti,
1009 1677 1132 1737 uixerit.
1146 1672 1198 1763 ²²)

99 1779 145 1866 2)
170 1782 205 1841 in
226 1780 364 1842 secundo
385 1781 469 1842 libro
490 1781 716 1859 Dicaearchus,
751 1782 785 1843 id
817 1780 902 1862 quod
932 1782 971 1844 ad
992 1784 1199 1848 rectissimam

100 1889 291 1953 sententiam
317 1893 475 1972 pertinet,
517 1911 577 1971 qna
606 1892 756 1952 culturam
784 1892 938 1956 Graecam
967 1893 1004 1954 ab
1031 1894 1198 1974 Aegyptiis

101 2013 204 2077 neque
234 2015 324 2060 versa
353 2001 424 2061 rice
454 2007 617 2081 receptam
647 2019 715 2062 esse
744 2003 916 2082 cogitamus
937 2000 978 2062 ci.
1000 2002 1037 2063 0.
1058 2001 1196 2063 Mueller

102 2104 249 2166 Drcbom.
271 2112 304 2166 et
323 2106 422 2187 Miuy.
444 2126 476 2187 p.
495 2107 538 2168 st
555 2127 641 2187 sqq.,
661 2108 924 2171 Sesonchosidem
945 2110 1027 2169 vitae
1051 2110 1195 2171 Graecae

103 2214 256 2275 rationem
277 2212 424 2276 habuisse
446 2223 479 2276 et
499 2236 518 2276 a
540 2216 671 2278 Graecis
691 2217 779 2297 leges
799 2217 967 2296 repetiisse
989 2216 1117 2292 retulit,
1150 2218 1195 2280 ila

103 2318 246 2400 inprimis
266 2325 301 2380 ut
323 2322 577 2405 quinquepatris
594 2324 721 2403 negotis
735 2325 876 2384 retinere
892 2323 1034 2397 deberat,
1057 2332 1089 2383 ct
1104 2301 1201 2402 equi-¹

103 2427 251 2489 tutionem
271 2433 439 2507 praeterea
459 2426 624 2491 inuenisse.
639 2423 690 2511 ²³)
732 2427 778 2512 3)
801 2448 840 2489 ex
861 2432 956 2490 tertio
978 2430 1060 2490 libro
1083 2429 1211 2490 Dicae-‘

104 2530 190 2595 archi
208 2531 417 2612 fragmentum
439 2529 665 2621 superest,²⁴)
696 2554 757 2613 quo
779 2535 963 2614 Philippus,
984 2535 1194 2595 Macedonum

103 2655 172 2716 rex,
206 2639 306 2700 nullos
335 2639 468 2720 pellices
489 2641 522 2700 iu
542 2639 661 2700 bellum
682 2657 789 2699 secum
811 2638 952 2710 duxissa,
985 2637 1097 2698 Darius
1117 2646 1194 2700 sero

104 2762 171 2807 enm
190 2747 344 2809 trecentis
373 2746 599 2826 quinquaginta
625 2744 810 2804 mulieribus
838 2745 870 2805 iu
897 2744 1030 2817 bellurn,
1068 2744 1099 2803 in
1131 2763 1194 2823 quo

104 2868 249 2916 smmum
269 2870 376 2916 rerum
400 2853 568 2915 discrimen
590 2852 701 2928 subiit,
729 2850 894 2931 proiectus
915 2870 985 2912 esse
1007 2850 1152 2913 traditur.

179 2962 220 3026 11.
254 2955 345 3024 Bion
365 2960 558 3041 fragmenta,
598 2959 680 3020 libro
703 2976 765 3037 quo
786 2959 1009 3039 pertinuerunt
1029 2977 1089 3020 non
1111 2959 1194 3024 indi-

105 3074 188 3149 cato,
220 3086 355 3149 quorum
383 3065 423 3128 de
445 3065 521 3128 sede
541 3068 574 3128 iu
596 3085 698 3146 opere
719 3065 792 3126 oiim
815 3072 968 3147 occupata
988 3068 1119 3129 maxime
1139 3087 1193 3131 va-

104 3176 167 3240 riae
196 3176 401 3258 conjecturae
432 3175 502 3254 pari
530 3174 598 3234 reri
628 3172 831 3234 similitudine
862 3174 1003 3255 proferri
1033 3183 1192 3256 poterunt

50 3290 54 3337 ἶ
104 3280 147 3347 ln
164 3290 272 3347 tamen
295 3300 376 3363 qnae
397 3283 501 3343 statim
522 3280 678 3342 exhibebo
699 3280 874 3361 fragmenta
901 3284 953 3344 uix
973 3283 1066 3344 alium
1087 3284 1192 3344 locum

50 3378 53 3471 ᾗ
104 3387 246 3455 bouins
267 3388 461 3454 crediderim
482 3408 573 3469 quam
595 3406 683 3464 eum,
719 3408 780 3468 qno
801 3388 1013 3452 Dicaearchus
1043 3389 1083 3449 de
1111 3391 1193 3449 anti-

50 3476 54 3531 ἶ
104 3499 249 3578 quinimo
270 3497 383 3579 populi
404 3494 521 3557 Graeci
546 3495 596 3556 uei
623 3497 717 3556 ctiam
745 3495 882 3556 universi
910 3493 1036 3574 generis
1065 3490 1192 3554 humani

50 3572 54 3749 ι
102 3611 180 3669 stuta
201 3604 405 3682 disseruerit,
424 3604 458 3664 iu
478 3602 581 3683 primo
602 3602 700 3682 igitur
720 3606 757 3662 ut
776 3621 929 3680 perquam
950 3597 1114 3678 probabile
1141 3605 1191 3662 est

50 3752 52 3761 =
102 3704 188 3775 Βίου
210 3712 304 3775 libro.
345 3711 416 3773 linc
439 3717 542 3771 autem
562 3709 732 3770 referenda
753 3713 840 3769 suut:
874 3699 1192 3791 oposuerant

50 3764 57 3933 l
102 3820 386 3901 tutiquisslmorum
411 3818 569 3880 bominum
598 3816 780 3879 conditione
808 3815 938 3875 monuit.
952 3807 1002 3898 ²⁸)
1043 3804 1086 3900 2)
1109 3834 1190 3895 quae

50 3940 52 3949 ·
103 3924 141 3990 de
165 3927 296 3992 crotalis
323 3926 486 4008 exposuit,
516 3925 584 4008 jam
612 3942 710 4004 snpra
737 3923 770 3983 lu
791 3921 897 4003 capite
924 3928 1013 3981 serto
1040 3921 1191 3983 exhibita.
1267 3977 1271 3985 .

101 4032 145 4120 ⁸.)
165 4055 248 4121 quac
281 4033 323 4100 de
348 4032 514 4117 Euripidis
541 4030 658 4098 Medea
681 4027 838 4111 judicavit
865 4029 932 4112 jam
962 4027 1037 4093 alibi
1067 4027 1190 4109 prolata
