2610 5228
469 739 838 819 -185—

105 934 392 1018 interpretandam,
417 933 512 997 allato
533 935 661 999 Budseo
682 939 715 999 in
737 942 904 1001 comment
924 957 956 1019 p.
978 934 1079 1000 lima
1106 930 1199 1011 »ἑπι-

104 1037 365 1127 τιιγχανόμενον
384 1042 529 1129 πρᾶγμα
551 1044 667 1107 dieitur
689 1037 730 1107 τό
752 1036 1040 1129 κατορθούμενον
1060 1050 1095 1108 st
1115 1042 1201 1125 quoti
1263 1060 1266 1065 ’

104 1154 258 1215 suooessIt
277 1159 312 1214 et
333 1170 372 1213 ex
393 1152 487 1213 animi
507 1155 662 1215 sententia
682 1156 804 1232 evenit,
831 1155 893 1216 iroo
915 1160 965 1216 est
985 1143 1007 1216 ό
1029 1148 1201 1233 ἐπιτυχῶς

104 1257 312 1333 ἀποβαίνειίί
334 1266 368 1321 et
380 1259 521 1341 Josepiro
541 1262 574 1323 in
588 1260 687 1322 sitero
702 1267 812 1324 eontra
826 1264 851 1325 Α
856 1263 998 1343 pionem:
1014 1255 1122 1349 καλῇς
1137 1242 1201 1323 οὖν

104 1362 206 1447 αὐτῷ
225 1357 470 1451 προαιρέσεως
490 1370 548 1429 καὶ
567 1359 735 1451 πράξεων
749 1363 915 1453 μεγάλων
931 1357 1201 1453 ἑπιτνγχανομό·

103 1497 177 1539 νων
206 1470 349 1546 εἰκότως
379 1468 541 1561 ἐνόμιζον
569 1473 720 1564 ἡγεμόνα
743 1496 779 1541 τε
801 1481 859 1543 και
880 1470 1079 1565 σύμβουλον
1099 1475 1201 1540 θεῖον

101 1577 204 1665 ἔχειν.
227 1617 266 1630 -
287 1583 438 1649 Paoiaudi
459 1604 594 1647 monum.
616 1586 727 1666 Polop.
747 1592 769 1647 t.
791 1586 834 1661 ii,
855 1608 887 1668 p.
906 1587 946 1647 41
968 1606 1015 1667 sq.
1046 1586 1131 1648 huno
1151 1584 1200 1649 lo·

100 1712 174 1755 eum
196 1694 240 1754 ita
261 1693 499 1754 rescribendum
521 1712 591 1756 essa
613 1696 819 1757 existimavit:
858 1693 989 1776 ἁγαθοὶ
1020 1684 1058 1757 oi
1080 1710 1201 1757 κατοι-

98 1799 240 1871 κοῦντες
263 1835 300 1847 -
323 1797 380 1864 ini
400 1808 474 1872 τοῖς
504 1796 828 1886 ε’·ντυγχανομὲνοις,
864 1798 1109 1887 προβαλόντες
1136 1800 1201 1888 τῆς

99 1904 286 1994 εὐημερίας
312 1896 522 1991 θαυμαστόν
550 1904 742 1973 πλινθίνων
776 1899 879 1987 ζιόινν
907 1912 964 1974 καὶ
991 1904 1200 1993 ἀνθρώπων

100 2008 347 2093 διδασκοίλιον,
378 2024 412 2078 et
432 2018 477 2079 ita
497 2017 699 2080 vertendum:
734 2020 815 2097 „iiis
843 2038 920 2082 vero
942 2020 997 2099 qui
1019 2038 1087 2080 eam
1107 2016 1199 2079 habi·

98 2128 168 2185 taut
188 2124 223 2185 io
244 2124 325 2186 irena
354 2127 476 2202 evenit,
513 2132 549 2187 ut
570 2127 713 2187 omuibus
733 2129 797 2189 suis
819 2128 994 2189 artificibus
1015 2113 1198 2214 (iguiinir)

98 2251 242 2313 magnam
263 2233 389 2295 laudem
411 2235 449 2295 ab
479 2234 717 2295 adventantibus
748 2244 951 2315 comparent,
990 2253 1087 2314 quum
1114 2232 1199 2293 laeto

99 2339 154 2401 die
176 2342 209 2401 iu
232 2341 394 2420 pubiioum
416 2340 555 2401 efferunt
575 2340 756 2402 admiranda
777 2343 954 2404 animalium
980 2348 1014 2403 at
1039 2340 1199 2401 hominum

98 2446 298 2525 exemplaria
318 2445 487 2527 argillaoea
515 2446 806 2510 excellentissima.“
858 2451 926 2529 Qus
951 2451 985 2513 in
1013 2449 1199 2531 conjectura

97 2555 259 2629 Osannus,
280 2553 335 2614 ubi
355 2554 516 2615 recensuit
537 2554 707 2616 editionem
721 2556 836 2619 Buttm.
849 2558 870 2619 l.
886 2559 917 2636 l,
938 2558 996 2633 τῆς
1016 2552 1197 2644 εὐημερίας

101 2657 340 2739 intelligendum
362 2677 433 2721 esse
455 2661 641 2723 existimarit
661 2681 724 2725 non
746 2662 889 2727 detesto
912 2664 983 2744 die,
1002 2663 1061 2727 sesi
1082 2663 1123 2725 de
1144 2680 1195 2725 so-

102 2785 176 2828 rano
204 2767 296 2829 coelo
328 2773 362 2829 et
393 2786 461 2829 eam
491 2770 524 2829 iu
556 2772 742 2833 sententiam
771 2772 960 2854 corrigenda
989 2792 1075 2850 esso,
1111 2790 1194 2852 quse

107 2873 276 2939 Grouzerus
296 2877 351 2937 i.l.
373 2877 414 2939 ‹ie
435 2877 563 2958 publiea
583 2897 715 2959 operum
737 2880 916 2961 iigiinorum
938 2879 1074 2943 elatione
1096 2881 1194 2943 certis

109 2980 209 3046 diebus
228 2984 320 3047 festis
340 2985 432 3049 solita
453 2988 666 3069 exposuisset,
703 2988 764 3049 nisi
795 2988 864 3051 aliis
893 3006 933 3049 ex
962 2988 1042 3051 loeis
1063 2986 1193 3049 demon·

111 3095 192 3154 strari
222 3099 360 3175 possent
408 3094 472 3157 Pro
499 3096 561 3158 καὶ
591 3089 795 3178 ἀνθρώπων
823 3103 947 3170 sutem,
985 3096 1076 3176 oujus
1104 3095 1194 3156 notio

113 3198 191 3261 eiiam
211 3202 243 3263 in
267 3196 368 3278 ζιόων
389 3204 492 3265 inesse
507 3204 682 3280 rideretur,
703 3194 883 3284 ἀνθρώπῳ
905 3201 1108 3261 retinendum
1122 3216 1193 3261 esse

113 3304 265 3370 arbitratus
284 3300 522 3391 προβαλόντες
554 3310 639 3389 qood
667 3308 707 3370 ad
736 3327 860 3369 sensum
887 3311 979 3367 reote
1007 3324 1043 3367 oe
1071 3305 1194 3366 habere

113 3405 261 3494 iudicavit,
293 3436 478 3497 quamquam
499 3417 656 3497 vulgatam
677 3409 885 3487 ἐκβαλόντες
906 3413 996 3475 verbi
1018 3396 1193 3475 ἐκτιθέναι

114 3518 324 3599 unificatione
347 3523 523 3585 defendero
543 3523 666 3585 iioeret
718 3521 820 3583 Simili
847 3520 971 3583 ratione
991 3519 1077 3602 apud
1098 3518 1193 3601 Poly·

114 3616 180 3691 ilum
200 3633 267 3695 diei
288 3624 471 3707 ἐκβάλλειν
493 3621 623 3715 δόγμα,
644 3632 676 3695 in
690 3629 852 3711 pubiicum
868 3628 977 3708 edere,
997 3630 1081 3711 apud
1097 3648 1191 3711 quem

116 3738 229 3803 eudem
250 3740 352 3817 XXX,
373 3740 410 3819 i,
429 3740 452 3801 o
471 3733 578 3821 λόγον
599 3733 635 3801 ἐν
656 3738 713 3817 τῷ
732 3732 823 3819 (ἀλλ’
848 3730 929 3799 οὔτε
949 3731 1055 3821 λόγον
1078 3734 1115 3802 έν
1135 3737 1190 3819 τῷ

113 3829 189 3927 pipp,
210 3842 376 3911 τοιοῦτον
397 3841 582 3928 ἐξέβαλον)
603 3841 700 3932 μέσῳ
715 3840 890 3920 ἐκβάλλειν
905 3847 1073 3929 legeretur.
1105 3847 1189 3910 Bek-

114 3937 170 4015 ieri
187 3956 302 4019 deiude
324 3958 507 4039 conjecturs
534 3957 628 4038 plane
657 3956 779 4037 rejecta
799 3955 941 4018 0sannus
961 3957 1044 4018 huno
1066 3958 1100 4017 in
1120 3974 1189 4017 mo·

114 4048 173 4121 ium
188 4063 290 4127 iocum
313 4066 473 4128 emendari
502 4084 598 4146 posse
625 4066 821 4145 suspicatur:
859 4059 991 4147 ἀγαθοὶ
1018 4053 1060 4125 δὲ
1089 4076 1186 4143 περι-

113 4166 240 4253 ποιῆσαι
262 4162 373 4248 δόξαν
392 4164 543 4257 μεγάλαν
558 4169 633 4249 εἰσί,
654 4180 728 4245 τοῖς
742 4168 1036 4255 ἑντογχοίνονσιῳ)
1051 4166 1186 4257 (obviis,

111 4269 185 4341 tirio
205 4282 334 4361 suique,
353 4287 389 4343 ut
408 4283 441 4344 in
462 4282 555 4345 iuter.
578 4280 620 4343 oi.
641 4280 717 4362 Syll.
739 4300 771 4363 p.
785 4281 860 4345 lou.
874 4275 959 4367 284)
981 4269 1186 4351 ἐκβαλόντες

110 4380 158 4471 τῆς
184 4386 366 4476 εὐημερίας
397 4378 602 4476 θαυμαστόν
637 4382 830 4452 πλινθίνων
864 4375 966 4464 ζιόων
1005 4378 1185 4470 ἀνθρώπῳ

107 4480 331 4560 διδασκοίλιον.
376 4497 469 4576 Quod
490 4500 516 4562 si
540 4499 609 4579 quis
628 4500 663 4560 in
685 4497 789 4559 dativo
812 4497 953 4577 duplici,
975 4502 1049 4569 τοῖς
1071 4489 1185 4578 ἐντυγ-

101 4588 238 4681 χάνουσι
259 4612 292 4667 et
314 4600 493 4691 ἀνθρώπῳ
515 4607 743 4682 offenderetur,
763 4604 913 4666 l’soiaudi
926 4604 1093 4666 lectionem
1108 4603 1184 4683 (καὶ

99 4702 308 4801 ἀνθρώπων)
331 4736 392 4783 nou
412 4717 578 4801 prohibuit
599 4719 765 4799 quominus
786 4714 1043 4783 norinorum.
1091 4708 1184 4790 Quod
