2610 5228
415 796 639 870 *237
702 825 800 841 ···-··

54 998 167 1061 libello
187 995 268 1078 περί
288 989 354 1056 τοῦ
374 983 420 1080 μη
443 989 517 1054 δεῖν
538 984 761 1068 δανείζεσθαι
784 986 1010 1071 dlaaerucrunt.
1060 995 1147 1071 Quae

53 1107 119 1168 line
140 1104 302 1186 pertinent
315 1099 531 1181 Theophrasti
544 1101 640 1163 verba
654 1100 774 1162 haecce
788 1105 875 1162 aunt:
898 1096 918 1162 ὁ
941 1090 982 1162 δὲ
1003 1092 1149 1178 ἀλαζών

56 1205 220 1287 τοιοῦτός
247 1228 316 1286 τις,
349 1196 425 1283 οἶος
453 1203 490 1270 ἑν
519 1207 571 1287 τῷ
599 1204 756 1295 δείγματι
783 1197 936 1287 ἑστηκώς
956 1206 1149 1296 διηγεῖσθαι

60 1311 192 1398 ξένοις,
223 1312 273 1393 ὠς
294 1306 412 1379 πολλοὶ
433 1309 596 1399 χρήματα
617 1309 716 1397 αὐτῷ
736 1311 827 1379 ἐστίν
848 1312 884 1379 ὲν
905 1313 952 1403 τῇ
972 1306 1149 1404 θαλάττη·
1177 1378 1193 1409 x

57 1428 121 1492 καί
141 1425 219 1510 περὶ
239 1423 302 1512 τῆς
322 1418 486 1511 ἐργασίας
505 1422 569 1504 τῆς
593 1421 809 1512 δαυειστικῆς
836 1417 1015 1501 διεξιέναι,
1051 1420 1149 1514 ἡλίκη
1248 1492 1250 1497 ,

56 1538 116 1599 καί
137 1530 243 1610 αὐτὸς
265 1522 333 1597 ὅσα
353 1522 471 1618 εἴληφε
494 1532 558 1614 [et‚
588 1530 629 1593 de
651 1533 764 1613 quibua
784 1534 890 1596 llatiua
909 1553 972 1597 nun
993 1535 1151 1599 immerita
1164 1550 1171 1561 ··

58 1644 230 1719 dubitavit,
265 1660 306 1705 ea
336 1640 449 1705 codice
469 1640 611 1704 Palatina
640 1643 699 1703 καὶ
728 1632 948 1706 ἀπολώλεκε·
984 1643 1047 1705 καί
1076 1633 1151 1729 ἅμα

57 1750 174 1814 ταῦτα
195 1741 396 1831 πλεθρίζιυν
417 1736 567 1833 πέμπειν
586 1737 631 1808 τὸ
652 1735 847 1831 παιδάριον
872 1747 919 1825 εἰς
939 1740 1003 1837 την
1024 1745 1152 1834 τράπε·

59 1855 142 1935 ζαν,
181 1854 341 1944 δραχμῆς
361 1851 462 1938 αυτῷ
483 1848 647 1943 κειμένης]
678 1841 939 1943 ἀνυπέρβλητος
967 1858 1152 1921 vccabulum

58 1970 169 2029 nuatru
196 1966 269 2029 lucc
298 1965 339 2028 de
366 1984 404 2029 re
431 1966 566 2047 legitur,
602 1964 643 2029 dc
659 1968 808 2044 'perrona
835 1965 924 2027 verbi
952 1982 1046 2027 cauaa
1066 1966 1152 2047 apud

59 2073 288 2155 Apollodorum
314 2074 390 2137 bibl.
418 2074 449 2154 l,
475 2072 495 2135 1
532 2069 571 2135 σί
595 2065 732 2162 μεηέθει
752 2090 792 2135 τε
814 2066 1072 2161 ἀνυπέρβλητοι
1094 2078 1152 2138 καί

60 2168 205 2265 δυνάμει
226 2163 325 2268 ἦσαν.

72 2312 86 2335 ·
144 2280 391 2369 άνεπιθέτιμ
422 2285 470 2373 τῇ
498 2284 694 2374 πονηρίᾳ.
746 2286 887 2349 Marxiua
916 2284 957 2372 τῇ
987 2288 1154 2351 articulum

59 2396 255 2481 ejiciendum
275 2413 347 2457 erae
367 2394 537 2456 arbitratur
567 2400 633 2468 eat3
668 2383 788 2456 mitlcri
817 2393 964 2474 equidem
992 2396 1156 2480 auiiragic,

61 2523 161 2587 quum
183 2503 274 2565 iatlua
295 2502 381 2565 exilii
402 2521 442 2564 ue
462 2502 619 2564 minimam
641 2501 770 2583 quidem
793 2520 874 2582 quae
894 2503 983 2586 juata
1011 2505 1054 2566 alt
1081 2526 1154 2568 cau-

60 2631 125 2674 aam
148 2611 352 2691 perspiciam,
372 2608 626 2672 retinendumet
646 2611 767 2691 optime
787 2630 823 2672 aa
835 2610 954 2673 lralrere
968 2615 1154 2694 cenmerim‚

61 2721 143 2781 alcut
165 2718 197 2779 lu
218 2717 361 2781 cmuilua
380 2715 537 2800 cjuamcdl
557 2719 740 2796 aculeatila‚
773 2718 829 2781 ubl
851 2719 1040 2801 adjectivum
1061 2741 1155 2804 prac-

62 2825 159 2888 dlcati
180 2825 287 2905 putlua
309 2843 401 2905 quam
421 2824 565 2888 attributi
580 2827 707 2890 vlclbua
726 2827 880 2910 fungitur,
900 2829 1002 2893 hocce
1023 2832 1154 2915 adjecti·

61 2951 133 2997 rum
167 2934 359 2996 substantivo
394 2952 465 2997 cum
500 2936 634 2998 articula
670 2937 839 3019 conjunctu
875 2939 1073 3018 praecedere
1104 2941 1155 3001 vel

62 3041 237 3105 auccedcre
251 3043 319 3107 aiue
333 3044 468 3106 articulo
482 3042 565 3125 aclet
578 3045 620 3106 ci.
634 3044 748 3108 Matth.
764 3045 821 3106 Gr.
836 3046 893 3108 Gr.
907 3052 930 3107 t
944 3047 983 3124 ll,
996 3047 1026 3128 §.
1040 3047 1112 3109 tn.
1125 3048 1154 3109 la.

61 3152 108 3213 Ut
134 3168 212 3213 veru
240 3127 333 3213 talem
361 3153 516 3214 rationem
543 3151 645 3214 hacce
665 3152 738 3213 locu
758 3171 821 3214 nun
841 3151 1064 3214 admittendam
1086 3173 1156 3217 eaac

57 3257 253 3340 judicemur,
289 3259 388 3319 tutlua
415 3257 584 3340 fragmenti
611 3256 750 3318 indolem
779 3263 813 3318 et
838 3258 981 3318 habitum
1001 3261 1158 3341 ejuamcdi

62 3384 134 3428 eaae
149 3367 303 3441 exlatlmu,
325 3365 380 3443 qni
400 3383 457 3426 uua
477 3369 565 3424 vetet
586 3363 732 3442 cogitari,
753 3362 825 3422 lieri
846 3380 940 3441 purae
954 3369 990 3423 ut
1001 3365 1157 3444 reliquiae

61 3475 108 3537 ita
129 3472 321 3535 dilaceratae
341 3471 395 3532 hic
416 3469 483 3530 illic
504 3469 703 3550 conjiciendo
724 3468 776 3528 uel
797 3469 986 3548 expoliendo
1015 3469 1055 3531 ad
1084 3490 1157 3535 cun-

63 3580 217 3644 dltluuem
236 3599 313 3642 vere
334 3576 581 3640 Dicaearcheam
601 3577 816 3638 restituantur.
866 3576 1039 3641 llanaldum
1063 3599 1158 3662 prae-

62 3692 155 3752 tcrea
174 3689 299 3750 laboras
320 3705 390 3749 caue
412 3686 564 3762 dixerim,
600 3686 791 3765 scriptorem
818 3691 882 3747 tam
909 3685 1009 3750 lavem
1032 3695 1158 3771 tamque
1194 3762 1201 3783 ,

63 3806 230 3873 scaurum,
270 3795 393 3875 qualem
429 3797 600 3873 excerptor
629 3798 739 3853 noster
768 3794 886 3874 ubique
919 3812 954 3856 aa
989 3800 1159 3878 praestitit,

64 3906 282 3986 gran-aucas
310 3903 437 3984 regulae
466 3902 517 3963 vel
548 3901 723 3983 elegantiae
752 3904 897 3965 nutiuuea
911 3904 1047 3968 -doccre
1076 3909 1159 3969 bena

65 4013 205 4076 invitum.
263 4013 369 4092 Quare
397 4028 460 4075 που
489 4014 539 4072 eat
574 4009 658 4089 quud
693 4017 846 4089 metuam,
880 4031 922 4074 ne
955 4016 1024 4094 quia
1054 4014 1159 4077 Gallia

66 4123 256 4184 aaacutiatur
276 4110 471 4198 ἅνεπιθέτιμ
497 4116 604 4197 pctiua
631 4115 771 4179 additum
794 4138 885 4198 quam
906 4119 947 4204 τῇ
968 4121 1160 4203 ejiciendum

64 4246 138 4292 σου
158 4227 341 4310 ευεμίοευίλ
381 4226 496 4306 Neque
520 4225 619 4305 magia
646 4224 808 4307 intelligo,
846 4246 938 4306 quam
968 4229 1008 4290 οΙι
1036 4249 1160 4292 canaam

65 4334 237 4425 πονηρία,
259 4341 295 4398 ut
316 4334 454 4417 Gallica,
482 4332 737 4415 Theophraatum
758 4341 862 4396 tamen
882 4324 945 4419 τὴν
965 4333 1159 4426 φιλσπσυη.

66 4441 148 4525 ρίαν
169 4449 206 4505 et
224 4431 287 4526 τὴν
308 4443 481 4528 πονηρίαν
509 4441 548 4503 ab
577 4435 842 4523 αι’σχροκερδείςι
863 4440 1042 4505 dlatlurlaac
1064 4448 1160 4509 adnu-

64 4560 151 4629 taua‚
179 4557 288 4614 uuatru
312 4548 351 4611 de
372 4550 442 4611 lucu
466 4549 669 4630 existimavit,
699 4546 738 4608 ad
759 4566 883 4608 aenaum
905 4552 1054 4613 auaritiae
1075 4556 1159 4615 relc-

65 4661 200 4732 rendum
231 4678 267 4719 ac
296 4678 358 4721 nun
387 4658 492 4737 potina
517 4656 748 4736 algnillcatioue
776 4653 869 4733 plane
896 4658 1040 4723 univerae
1062 4663 1160 4722 intur·

66 4768 258 4849 pretandum
278 4767 328 4829 alt.
