2610 5228
59 926 254 990 Acarnaniae
275 928 369 988 situm
390 928 453 988 situ
467 925 614 990 Aetoliae
634 928 818 1009 provinciae
840 929 931 989 autea
950 944 1013 990 nou
1033 945 1152 991 memo·

58 1041 147 1097 ratae
169 1034 300 1097 definiit.
342 1033 406 1096 Sed
428 1035 688 1098 considerandum
710 1040 773 1114 est,
796 1035 880 1116 quali
901 1053 972 1097 oum
993 1037 1154 1118 scriptore

58 1140 120 1202 hac
142 1143 174 1202 in
195 1142 376 1222 anagraphe
398 1142 487 1203 nobis
508 1161 561 1204 res
581 1144 632 1220 sit3
653 1149 687 1205 et
706 1143 790 1205 inira
810 1142 989 1223 complures
1011 1143 1074 1204 ioci
1096 1160 1154 1205 uo·

58 1249 110 1311 bis
131 1249 252 1311 obviam
265 1251 352 1327 flent,
375 1251 487 1329 quibua
507 1254 656 1314 transitus
676 1271 738 1315 uou
759 1252 834 1314 satia
855 1256 948 1332 aptus
970 1257 1003 1312 et
1023 1269 1153 1314 accura-

59 1362 113 1418 tus
141 1359 408 1420 animaduertitur.
451 1359 542 1438 Quod
572 1362 654 1422 euim
684 1360 765 1423 hauc
793 1358 833 1421 ad
859 1360 1083 1442 negligentiam
1113 1374 1154 1422 ex

58 1466 326 1546 praecedentibus
355 1469 532 1550 exemplum
553 1470 756 1531 Buttmaunua
783 1469 905 1547 attulit,
933 1469 1038 1530 locum
1067 1467 1152 1544 dico,

60 1591 124 1652 quo
153 1577 294 1654 scriptor
321 1583 429 1637 noster
462 1577 504 1639 de
529 1578 695 1640 Ambracia
731 1577 891 1639 disserere
928 1581 1079 1658 coeperat
1108 1578 1153 1648 et,

60 1677 274 1761 disputatione
297 1683 337 1744 de
360 1685 514 1746 Graeciae
535 1686 648 1747 fluibus
668 1687 857 1768 interjecta,
878 1692 943 1746 tum
965 1684 1090 1745 demum
1111 1679 1153 1743 ad

61 1784 260 1852 Ambraciam
285 1792 535 1869 raderamind,
563 1811 625 1854 nou
654 1792 748 1873 piane
779 1792 890 1854 similis
910 1792 963 1853 hic
984 1790 1073 1852 locus
1095 1792 1154 1866 eat,

61 1897 184 1978 quippe
215 1918 277 1978 quo
305 1899 462 1962 distinctis
490 1901 595 1962 verbis
623 1901 742 1963 dixerit
770 1889 861 1986 nido
890 1894 948 1961 ἐπὶ
976 1887 1022 1959 τοὶ
1043 1881 1154 1960 domni
1238 1960 1254 1993 a

57 2003 126 2064 τοῦ
146 1997 253 2088 λόγου
270 1998 496 2095 προβήσομαι
518 2015 552 2070 et
572 2008 733 2070 addiderit
747 2011 841 2071 otiam
860 2002 914 2070 οἷπ
933 2000 1153 2094 Ἀμβρακίας.

17 2162 22 2167 .
59 2112 153 2192 Quod
175 2113 216 2174 ad
237 2115 369 2177 aiterum
391 2123 495 2178 autem
517 2119 630 2180 attinet
650 2119 833 2180 offensionis
854 2135 971 2198 genus,
1001 2116 1035 2176 iu
1058 2132 1096 2174 ca
1116 2129 1154 2174 re

59 2239 157 2301 quom
184 2240 245 2301 per
264 2241 299 2284 sa
320 2241 382 2284 non
412 2231 529 2287 tantum
561 2227 634 2287 miri
655 2232 688 2287 et
717 2225 941 2307 singularitatis
961 2223 1058 2300 inest,
1086 2225 1155 2283 tum

57 2328 235 2391 simillimus
256 2331 340 2411 apud
362 2338 502 2394 nostrum
523 2333 608 2396 inira
622 2333 712 2396 adest
731 2335 820 2395 iocus
840 2351 884 2394 as.
897 2329 950 2408 92,
972 2349 1034 2411 quo
1048 2328 1154 2393 uetuit

57 2454 81 2498 a
93 2436 278 2519 lioiopiiaua‚
300 2459 432 2518 quorum
453 2441 538 2502 uuila
559 2441 632 2503 dum
646 2442 764 2504 mentio
785 2440 870 2502 iacta
890 2445 969 2517 erat,
989 2436 1157 2499 meridiem

56 2560 171 2605 versus
191 2545 335 2608 hahitare
355 2548 549 2612 referuntur.
591 2551 707 2612 Sensus
729 2551 828 2631 igitur
841 2566 951 2609 versus
965 2547 1065 2608 uostri
1084 2544 1157 2607 talia

56 2653 244 2716 statuendus
266 2672 335 2716 ease
356 2664 507 2738 apparet:
529 2661 708 2722 Acarnanes
729 2659 767 2720 ab
789 2659 910 2723 Aetolis
934 2656 1074 2719 Acheloo
1095 2653 1156 2716 du·

55 2761 113 2821 sio
144 2759 297 2822 diremtos
325 2781 363 2823 ex
384 2768 543 2828 contraria
572 2766 685 2829 horum
713 2747 847 2847 regione
868 2764 960 2827 sedes
981 2769 1093 2825 tenero
1113 2757 1157 2823 od.

57 2864 166 2929 aaran
189 2865 280 2945 viii,
298 2867 371 2930 899.
394 2862 483 2945 τινές
505 2863 544 2934 δέ
566 2892 673 2958 φασιν
693 2861 866 2955 :ipsicius
889 2869 953 2933 τοῦ
974 2865 1157 2954 ὁρίζοντος

54 2971 277 3059 Ἀκαρνᾶνας
298 2977 358 3040 καὶ
377 2971 573 3056 Αἰτωλούς.
617 2982 655 3060 Χ,
675 2982 747 3044 449.
775 2976 934 3043 Αἰτωλοὶ
954 2968 1018 3063 μὲν
1040 2979 1157 3041 τοίνυν

57 3085 121 3148 καὶ
147 3081 353 3169 Ἀκαρνᾶνες
382 3083 571 3172 ὀμοροῢοιν
599 3084 763 3174 ἀλλήλους
789 3076 897 3174 μέσον
926 3078 1064 3166 ἔχοντες
1094 3066 1156 3147 τὸν

54 3185 233 3270 Ἀχελοῒον
264 3184 444 3282 ποταμόν·
463 3188 592 3280 ῥέοντα
629 3190 704 3258 άπὸ
738 3195 810 3258 τῶν
842 3189 981 3274 ἄρκτων
1009 3192 1069 3256 καὶ
1096 3189 1159 3276 τῆς

59 3293 196 3363 Πίνδου
227 3291 318 3385 πρὸς
347 3291 453 3365 νότον
474 3289 533 3364 διά
560 3319 597 3364 τε
616 3296 787 3386 Ἀγραίου
807 3295 1006 3392 Αἰτωλικοῦ
1033 3290 1158 3374 ἔθνους

56 3407 125 3472 καὶ
142 3401 362 3496 Ἀμφιλόχου
383 3413 426 3488 et,
448 3428 540 3489 quem
563 3409 684 3471 Gaiiius
704 3409 819 3485 attulit,
840 3409 921 3471 Piin.
934 3407 989 3486 iv,
1010 3407 1040 3469 1.
1061 3404 1158 3489 Apud

57 3514 225 3596 Scylacem
240 3525 354 3596 autem,
376 3538 468 3599 quem
483 3517 568 3579 idem
582 3518 632 3578 vir
646 3517 844 3580 doctissimus
857 3523 1026 3598 praeterea
1042 3524 1156 3580 testem

58 3623 227 3706 allegavit,
264 3629 414 3709 equidem
441 3627 522 3690 nihil
549 3628 660 3709 reperi
691 3626 777 3707 quod
806 3626 870 3689 huc
900 3632 1047 3690 accurate
1079 3646 1155 3709 qua·

59 3730 181 3796 draret.

146 3860 190 3905 va.
210 3843 262 3906 oi.
289 3844 376 3909 Vero
397 3845 481 3909 haud
503 3846 654 3910 absimilia
673 3846 852 3908 Buttmauui
873 3848 1058 3930 conjectura
1078 3844 1157 3907 mini

56 3947 200 4026 videtur,
223 3968 283 4031 qua
305 3953 451 4016 Herculis
471 3954 623 4035 templum
644 3953 706 4016 hoc
727 3954 798 4017 ioco
820 3961 1094 4016 commemoratum
1116 3949 1157 4012 ad

57 4057 204 4138 Alyziam
228 4062 421 4125 Acarnaniae
441 4064 552 4125 urbem
572 4064 758 4140 referamus,
779 4083 881 4146 prope
904 4083 995 4143 quam
1009 4059 1160 4123 Herculia

55 4167 168 4231 tanum
197 4169 296 4250 idque
327 4172 461 4253 Lysippi
490 4173 625 4235 artificio
635 4179 835 4293 'exornatum
864 4174 1020 4236 exstitisse
1041 4169 1156 4232 Strabo

55 4277 234 4339 memoriae
265 4278 410 4359 prodidit
437 4280 479 4358 X,
507 4279 580 4343 450.
619 4301 670 4344 (ον
696 4279 716 4369 η’
743 4275 856 4356 Ἀλυζί
857 4299 882 4340 α
909 4274 1156 4342 πεντεκαίδεκα

10 4376 18 4387 “
10 4373 331 4499 undantium
353 4378 651 4469 διέχοιοταόίους,
673 4382 761 4450 καθ’
784 4377 824 4471 ἦν
847 4383 919 4449 ἐστι
938 4381 1015 4472 depr)
997 4375 1156 4470 ι’νῊρα·

10 4456 222 4569 κλέους*
207 4485 300 4579 ιερός
321 4499 378 4560 καὶ
400 4491 553 4582 τέμενος.
586 4489 625 4573 ἐξ
653 4491 761 4558 αὐτου
748 4482 990 4579 Ἡρακλέους
1012 4491 1156 4571 αθλους,

10 4592 149 4693 ἔργα
170 4601 378 4678 Λυσί,πττου
415 4594 618 4699 μεττύεγκευ
642 4598 689 4678 εἰς
713 4591 851 4688 Ῥώμην
882 4597 953 4664 τοῖν
975 4585 1156 4684 ἡγεμόνων

10 4696 116 4784 ’τις
143 4699 246 4798 παρὰ
272 4701 385 4776 τόπον
414 4700 591 4796 κειμένους
620 4699 679 4776 διὰ
702 4699 764 4796 τήν
785 4705 891 4797 ορημὶ
889 4729 945 4773 αν.
993 4707 1064 4772 iioc
1084 4704 1157 4770 ioco
