2610 5228
344 192 348 199 s

203 443 207 455 r

453 459 459 469 ι

1203 482 1207 493 ι

1080 518 1088 533 0

63 559 82 575 ρ
763 564 766 571 ι

472 751 819 825 ...pq-..-

98 942 236 1009 Athenin
247 946 284 1005 et
293 942 428 1026 Spartae
441 944 634 1007 conviciatm
647 949 741 1021 asset,
754 941 807 1031 ²²)
828 960 867 1006 eo
889 944 983 1007 etiam
1004 942 1197 1010 odiosioram
1281 923 1284 929 ¹

99 1045 323 1133 redderet²⁸)
366 1050 495 1132 Scripta
517 1057 634 1129 autem,
658 1050 743 1131 quod
764 1053 973 1115 Anaximenes
992 1051 1197 1134 'lheopompl

100 1160 225 1222 nomine
248 1158 441 1240 evulgasset,
469 1160 594 1223 titulum
621 1149 840 1244 Τρικάρανον
861 1163 928 1223 sire
956 1152 1198 1242 Τριπολιτνκόν

101 1267 209 1330 inisse·
263 1266 381 1329 (lontra
400 1269 494 1330 istum
517 1266 632 1329 deinde
652 1268 768 1330 libram
788 1267 1017 1330 Dicaearchum
1039 1275 1072 1330 et
1091 1268 1198 1332 Theo·

101 1393 220 1457 pompa
248 1379 283 1434 et
312 1373 375 1436 illis
396 1375 575 1437 civitatibus
600 1376 867 1457 patrocinaturum
895 1368 1012 1437 librom
1042 1375 1197 1451 edidisse,

102 1501 195 1562 quem
218 1500 257 1544 ex
277 1500 336 1544 nan
362 1483 396 1544 in
424 1483 579 1565 ejusmodi
600 1484 695 1546 rebus
715 1484 866 1546 literariis
886 1485 1013 1564 saepius
1034 1483 1199 1545 obtinente

102 1589 215 1653 eodem
236 1589 329 1652 titulo
356 1582 600 1673 Tpsnoltuxo‘u
622 1593 844 1673 inscripsisset
857 1587 919 1677 ²⁹),
948 1592 1038 1655 Hanc
1057 1592 1198 1655 Paasovii

102 1697 287 1761 sententiam
316 1699 524 1761 acutissimam
555 1717 625 1760 ease
654 1701 859 1762 confiteamur
884 1719 988 1780 neque
1011 1719 1081 1761 cum
1102 1699 1197 1761 rebus

104 1824 183 1886 quae
204 1805 390 1868 referuntur
417 1808 556 1869 externis
576 1826 719 1888 pugnare
748 1805 913 1870 credamus
933 1798 1039 1886 ne'qne
1059 1825 1098 1868 eo
1119 1807 1198 1887 reji-

104 1915 238 1991 ciamus,
261 1913 345 1995 quod
367 1934 510 1977 severum
534 1914 618 1995 qnod
642 1913 682 1976 de
698 1913 857 1977 Thebanis
877 1916 910 1976 in
924 1933 1035 1995 magno
1050 1914 1198 1995 prosaico

103 2018 277 2104 fragmento
298 2021 464 2102 profertur
478 2021 636 2104 judicium
659 2028 692 2083 et
705 2023 851 2086 nonnulla
866 2041 945 2103 quae
960 2023 993 2083 in
1003 2021 1198 2084 Athenarum

105 2126 318 2210 descriptione
338 2127 457 2191 ibidem
477 2134 678 2209 exponuntur
701 2130 863 2192 inimicum
885 2131 991 2210 potius
1011 2128 1200 2191 Dicaearchi

105 2235 252 2298 adversm
280 2236 491 2298 Athenienses
522 2243 556 2297 et
584 2236 752 2298 Thebanos
780 2239 916 2298 animum
946 2256 1037 2316 quam
1065 2238 1200 2299 amicum

106 2345 216 2407 testari
243 2342 425 2414 videantur3
444 2336 496 2426 ³⁰)
528 2341 586 2402 sed
616 2360 686 2400 eam
718 2340 819 2401 nihilo
849 2341 970 2417 minus,
998 2344 1081 2404 sicut
1110 2344 1201 2405 aliam

105 2450 266 2532 quamvis,
287 2448 316 2509 si
337 2466 376 2509 ex
398 2446 530 2509 adverso
551 2448 744 2509 0saunlauae
765 2447 989 2522 collocabitur,
1010 2449 1134 2509 misaam
1155 2448 1203 2512 fa·

104 2559 236 2621 ciemns.
282 2555 422 2618 (lama
448 2555 588 2617 anotii
607 2556 681 2618 loco
702 2555 932 2637 proficiscitur,
946 2551 998 2640 ἰ)
1019 2556 1075 2618 nbi
1096 2556 1202 2639 cnjus·

106 2664 173 2729 dam
194 2663 294 2726 Petri
303 2663 354 2750 32)
377 2664 418 2726 de
440 2661 526 2726 cirili
546 2665 669 2727 ratione
691 2683 772 2746 opus
791 2670 984 2727 memoratur
1006 2683 1109 2746 eaque
1129 2667 1200 2749 ejus
1225 2712 1228 2719 .

107 2772 259 2836 cententio
279 2773 489 2853 proponitur,
512 2791 572 2852 qua
593 2791 631 2834 ea
644 2772 841 2853 reipublicae
856 2773 957 2834 forma
972 2774 1092 2855 optima
1105 2795 1201 2855 prae-

108 2878 247 2957 dicatur,
276 2898 357 2959 quae
387 2897 426 2939 ex
453 2879 555 2940 tribus
575 2884 752 2960 temperata
773 2881 815 2942 sit
834 2881 1055 2958 monarchiae,
1087 2883 1201 2944 aristo-

107 2989 223 3051 cratiae
244 2993 276 3048 et
299 2985 511 3050 democratiae
531 2988 708 3069 principiis.
736 2989 808 3051 Hoc
824 2991 960 3052 civitatis
975 3008 1092 3071 genus,
1115 2989 1202 3070 qnod

107 3095 221 3159 Cicero
243 3116 369 3179 quoqne
390 3100 527 3161 omnium
548 3101 701 3180 optimum
722 3100 891 3162 arbitratus
912 3107 975 3176 est,
989 3095 1040 3186 ³³)
1068 3118 1107 3162 eo
1128 3099 1201 3162 ioco

107 3195 207 3286 γένος
225 3195 477 3288 Δικαιαρχικόν
498 3214 716 3287 nuncupatur,
738 3207 825 3286 quod
844 3193 957 3270 nomen
973 3206 1202 3269 aliic'aearcho

106 3313 175 3397 elus
205 3315 333 3394 generis
360 3315 525 3394 potissimo
551 3319 681 3375 auctore
708 3331 745 3373 ac
773 3311 937 3372 laudatore
966 3318 1102 3373 tractum
1134 3288 1204 3375 esso

108 3419 251 3485 Munus
269 3422 383 3484 merito
411 3421 609 3483 existimavit.
624 3415 675 3503 ³⁴)
716 3417 807 3480 Hanc
836 3426 941 3480 autem
969 3437 1056 3479 auam
1077 3423 1203 3480 senten·

107 3528 199 3609 dam,
227 3548 319 3611 quam
345 3531 412 3614 jam
441 3529 562 3608 aliquot
591 3526 785 3610 Pythagorei
817 3533 889 3589 ante
917 3545 988 3589 enm
1018 3545 1205 3609 quamquam
1265 3520 1269 3527 ’

107 3628 209 3702 minna
225 3640 399 3720 perspicue
414 3639 644 3715 enuntiassent,
664 3635 893 3699 Dicaearchum
905 3636 939 3698 in
953 3627 1202 3726 Tripolitico³⁵)

106 3730 205 3827 atque
224 3747 270 3809 ita
292 3747 420 3828 quidem
441 3748 623 3830 exposuisse
642 3746 766 3822 videri,
786 3728 897 3808 utnon
912 3763 952 3807 er
965 3747 1088 3808 ratione
1102 3745 1203 3809 solum

106 3853 269 3934 firmaret,
299 3854 356 3918 aad
378 3857 490 3932 etiam,
519 3853 791 3936 quemadmodum
809 3856 912 3917 omnia
938 3854 978 3918 ad
1000 3875 1090 3918 nsum
1110 3871 1203 3918 revu-

109 3968 227 4041 csnct,
248 3965 401 4046 exemplis
420 3964 594 4027 illustraret
607 3965 691 4027 inter
704 3982 805 4044 eaque
819 3964 964 4044 inprimis
976 3963 1204 4044 rempublicam

110 4068 295 4151 &menam
321 4075 512 4133 memoraret
541 4076 575 4132 et
599 4076 793 4134 recenseret.
810 4064 861 4156 ³⁶)
903 4070 951 4132 lta
977 4070 1096 4131 iactam
1116 4085 1204 4143 ease,

107 4185 147 4243 ut
165 4179 303 4264 phiditia
323 4181 356 4242 in
370 4180 562 4263 'l'rlpolitico
582 4185 645 4242 tam
666 4186 814 4243 accurate
831 4179 1105 4254 describerentur,
1127 4193 1205 4256 quo·

108 4289 194 4351 niam
211 4308 249 4352 aa
271 4289 448 4368 descriptio
462 4293 560 4371 caput
579 4283 754 4362 πολιτείας
768 4282 1007 4369 Σπαρτιατῶν
1019 4285 1095 4364 sive,
1118 4283 1205 4366 qnod

108 4396 196 4460 idem
217 4405 318 4475 esset,
339 4399 440 4479 partis
462 4416 553 4478 qnam
575 4415 631 4458 nos
653 4395 829 4458 diceremus
851 4392 1012 4474 practicae
1033 4395 1066 4457 in
1087 4393 1205 4475 Tripo-

107 4505 200 4568 litico
221 4506 392 4569 effecisset.
408 4499 459 4586 ³⁷)
501 4504 645 4584 lienique
666 4504 808 4565 Osannus
828 4501 1014 4564 Ciceronem
1036 4495 1204 4584 Tripoliti-

109 4629 182 4675 cum
211 4612 250 4676 ab
279 4607 387 4677 Attico
418 4610 491 4673 ideo
521 4612 652 4692 petiisse
677 4629 739 4673 uon
766 4608 834 4670 sine
861 4628 971 4692 magna
997 4610 1066 4672 veri
1095 4610 1205 4691 specie

110 4721 260 4803 coniicit,
281 4726 316 4785 nt
337 4721 369 4783 in
391 4719 609 4801 componendo
629 4719 712 4781 libro
737 4716 780 4779 de
799 4717 901 4799 gloria
921 4737 961 4781 eo
980 4724 1134 4782 uteretur.
1152 4706 1204 4796 ³⁸)
