2610 5228
470 93 666 167 ...89
719 126 813 134 ...-

100 289 240 362 ratione,
278 305 338 366 qua
367 288 400 349 in
428 304 466 348 re
487 288 627 349 Oaannua
648 287 770 368 primua
791 292 909 349 rectam
931 288 1010 349 viam
1032 306 1187 352 commou-

101 394 228 471 atrmit,
257 393 504 457 conciderandna
532 402 581 457 eat
607 400 641 457 et
660 396 838 458 Buttmanni
858 396 1013 476 anapicio‚
1046 415 1107 476 qua
1128 417 1189 479 pro

100 500 276 564 Pellenaeia
295 499 415 583 popuio
442 503 562 564 minimi
582 505 730 565 momenti
752 503 895 565 urebant
916 502 1192 583 anhatitnercntur‚

101 610 145 672 ita
163 610 309 673 nimirum
329 614 366 670 ut
385 626 446 691 pro
468 604 690 696 ssehhpuuiuru
719 611 937 692 corrigeretur
960 603 1191 695 Παλληναίων

102 736 138 780 ao
158 716 303 780 'l'hehani
323 716 385 778 hoc
406 724 613 799 cognomento
643 718 682 779 oh
711 718 809 780 ruder
829 724 864 780 et
882 718 971 780 ieroa
991 738 1066 782 auoa
1084 738 1191 783 morea

100 822 240 906 praediti
261 842 331 887 erae
351 826 582 906 cogitarentur,
619 842 724 905 neque
753 843 871 907 perae
891 826 1067 907 prohahiiia
1087 834 1136 891 eat
1157 832 1192 890 et

100 932 138 993 ah
158 933 285 995 Daunno
306 952 365 1013 pro
388 951 427 995 eo
447 950 485 995 ac
505 934 623 993 meruit
638 933 705 1014 jam
725 933 861 995 refutata
881 941 938 995 eat
986 935 1100 1015 Neque
1129 936 1192 1017 igi·

100 1044 153 1102 tur
173 1040 243 1101 iiiaa
264 1022 503 1121 Κορινθίων,’
517 1037 731 1126 Ἀθηναίων,
768 1035 989 1128 Πελληναίων
1014 1038 1192 1118 πολιτείας

102 1147 196 1212 Vitae
211 1147 366 1209 Graeciae
387 1150 492 1229 capita
513 1149 610 1211 iuiaae
631 1150 800 1229 credimur,
820 1170 935 1232 neque,
954 1158 990 1213 ut
1005 1153 1072 1234 jam
1093 1171 1192 1233 anpra

102 1256 293 1336 monuimu'a,
331 1258 446 1321 iihrum
474 1259 660 1322 Dicaearchi
687 1259 766 1346 περὶ
792 1252 937 1343 ἀγώνων
967 1262 1118 1343 ejuaque‚
1155 1266 1193 1323 ut

102 1366 245 1444 ridetur,
275 1368 380 1448 capita
408 1364 487 1451 περὶ
507 1363 749 1431 Διονυσιακῶν
767 1362 940 1452 ἀγώνων,
970 1361 1192 1455 Ὀλυμπικός,

103 1466 368 1561 Παναθηναϊκός
390 1474 451 1557 pio
472 1477 541 1558 ejna
562 1477 706 1556 partihua
726 1477 929 1539 conaiderare
942 1475 1096 1539 volumua.
1126 1476 1193 1540 lio-

103 1582 173 1647 tiam
194 1590 298 1647 autem
314 1587 407 1668 jure,
429 1604 491 1664 qno
511 1586 768 1646 Hematerhuaiua
789 1586 827 1646 aii
842 1586 968 1647 Lucian.
989 1584 1074 1647 diali.
1087 1592 1192 1649 morti.

102 1690 160 1752 roi.
176 1691 215 1751 ΙΙ.
236 1692 288 1751 ed.
308 1691 379 1769 Dip.
395 1690 447 1765 iii,
468 1710 499 1770 p.
512 1691 576 1749 tiu
597 1692 677 1750 adeo
698 1685 889 1761 κατάβασιν
911 1686 958 1763 εἰς
976 1685 1194 1774 Τροφωνίου,

101 1796 142 1859 rie
166 1814 231 1875 quo
251 1796 361 1857 libatio
382 1794 465 1857 inira
485 1799 661 1859 accuratius
681 1804 809 1877 agetur,
830 1798 870 1859 oh
889 1799 994 1860 locum
1014 1798 1089 1860 inde
1109 1798 1195 1881 aputi

98 1904 300 1970 Athenaeum
314 1902 394 1979 xiii,
408 1902 478 1964 694.
492 1905 515 1965 i.
536 1907 739 1985 ruperatitem
762 1907 802 1967 de
817 1906 942 1968 vivendi
956 1908 1079 1968 ratione
1093 1907 1195 1971 (irae-

102 2030 211 2075 eorum
234 2018 442 2091 exponentem
462 2008 551 2076 Βίων
580 2014 766 2093 particulam
795 2014 893 2077 fuiaaa
922 2017 1063 2093 cenauit,
1098 2018 1192 2080 etiam
1278 2032 1281 2037 '

103 2120 160 2182 aiia
175 2118 362 2181 Dicaearchi
376 2122 495 2201 acripta
517 2121 602 2182 reiut
622 2120 700 2205 περὶ
720 2128 780 2208 τῆς
796 2120 832 2184 ἑν
844 2114 933 2203 Ἰλίῳ
950 2121 1073 2194 θυσίας
1087 2124 1192 2187 eidem

104 2228 193 2308 aperi
213 2227 375 2288 vindicare
396 2247 566 2308 possemne.
601 2230 665 2292 Sed
686 2250 790 2310 neque
810 2231 891 2292 hanc
909 2250 1012 2310 neque
1026 2232 1096 2293 iliaa
1111 2251 1192 2311 qnae

105 2337 195 2396 etiam
216 2335 314 2397 muito
336 2336 567 2417 prohahiiiorea
585 2345 657 2400 aunt
671 2341 870 2421 conjecturae
885 2340 1062 2400 accuratius
1076 2344 1192 2399 tracta·

106 2444 164 2505 tari
185 2460 308 2525 anmua,
341 2460 402 2504 nou
425 2444 508 2523 quod
530 2444 571 2504 de
592 2446 763 2506 multifario
784 2440 873 2507 Βίου
896 2452 1079 2524 argumento
1101 2444 1193 2505 dubi·

106 2556 219 2627 temnr,
250 2548 308 2611 aed
331 2550 416 2630 quod
437 2568 477 2612 ne
499 2571 593 2612 unum
614 2552 740 2631 quidem
764 2552 866 2611 adhuc
888 2553 1059 2611 invenimur
1080 2551 1193 2626 locum,

108 2659 157 2737 pai
177 2664 211 2720 et
231 2658 377 2720 univerae
397 2658 491 2722 Vitae
511 2660 621 2735 titolo,
648 2666 681 2718 et
700 2658 854 2738 singulari
874 2658 967 2718 simui
987 2658 1195 2737 inscriptione
1233 2644 1236 2649 ¹

108 2766 265 2828 citaretur.
280 2763 331 2851 ¹⁸)

161 2874 232 2936 iam
252 2892 330 2935 vero
359 2875 392 2936 in
413 2868 490 2956 Βίῳ
519 2875 611 2934 vitam
635 2873 787 2934 Graecam
817 2871 987 2933 aecuudum
1019 2869 1194 2934 direraiaai·

109 2994 167 3043 ura
194 2982 266 3062 eJna
290 2983 431 3044 rationea
460 2980 652 3062 descriptam
682 2980 781 3042 iniaae
808 2978 984 3055 credimur,
1018 2978 1074 3042 aed
1104 2980 1194 3043 hreri

111 3096 192 3150 certe
213 3095 248 3150 et
268 3100 433 3169 compacto
454 3088 567 3164 modo,
591 3096 624 3149 ut
645 3106 706 3148 nou
728 3088 827 3149 auium
848 3088 1044 3168 Porphyrius
1065 3088 1194 3153 diaertia

110 3196 209 3259 rerhia
236 3199 374 3274 monuit,
412 3197 469 3258 aod
498 3200 591 3259 etiam
620 3216 658 3256 ex
680 3195 795 3256 Suirlae
822 3196 893 3258 loco
913 3193 1002 3260 Βῖον
1032 3216 1071 3259 ex
1091 3198 1194 3260 tribua

54 3356 56 3377 ἱ
111 3306 221 3366 tautum
252 3304 343 3366 iibria
372 3305 548 3366 conatitiaae
579 3304 748 3365 referentia
774 3324 974 3385 magnacum
996 3307 1194 3385 ueriapecie

112 3409 253 3475 aiiicitnr.
289 3413 358 3491 Quo
380 3432 450 3473 cum
465 3410 581 3473 Suid'ae
602 3412 719 3472 iudicio
741 3412 784 3473 iu
797 3433 921 3493 quoque
944 3432 1116 3492 congruum
1136 3410 1195 3487 eat,

112 3518 189 3597 puori
211 3538 252 3581 ex
273 3520 366 3581 nuiiia
386 3519 455 3580 aliia
477 3518 566 3579 iihria
588 3538 678 3598 qaam
700 3521 878 3594 extribus,
907 3524 1026 3598 primo,
1055 3515 1194 3576 aecuudo

54 3628 56 3633 ’
110 3634 140 3691 et
158 3631 255 3690 tertio
276 3627 450 3709 fragmenta
472 3627 610 3687 exhibita
631 3634 710 3688 aunt.
745 3626 836 3705 Quod
859 3644 896 3685 ex
918 3624 971 3684 iiia
988 3620 1089 3684 autein
1104 3620 1194 3687 Βίου

107 3736 314 3819 amplitudine
334 3736 542 3817 inprimiaqne
565 3755 603 3797 ea
624 3754 662 3796 ex
683 3754 736 3810 re,
766 3733 850 3813 quoal
872 3732 985 3792 librum
1006 3729 1084 3814 περὶ
1104 3726 1195 3813 ἀγαλ-

107 3864 178 3909 νων
200 3854 234 3906 et
253 3840 430 3919 πολιτείας
452 3844 484 3905 in
506 3862 541 3904 ae
562 3843 763 3917 continuerit,
788 3840 926 3902 Naehiua
947 3840 1109 3921 explicare
1130 3849 1196 3903 atu-

106 3952 177 4016 unit
198 3953 284 4034 quoti
305 3952 421 4015 Suidae
440 3952 528 4014 iocua
549 3953 581 4015 in
610 3947 829 4013 enumerandia
849 3948 1039 4011 Dicaearchi
1067 3950 1196 4029 acriptia

106 4060 190 4125 haud
212 4061 327 4143 pieuua
346 4066 411 4139 eat,
432 4058 529 4142 idque
549 4061 659 4123 vitium
681 4060 725 4121 ita
747 4055 787 4120 aie
809 4056 913 4121 medio
934 4058 1111 4121 aubiaturua
1125 4054 1196 4129 tuit,
