2610 5228
394 738 795 823 --dii··--

135 928 166 1009 1)
181 933 357 992 lioeschelius
370 953 480 1012 quoque
495 937 544 1011 qni
561 938 745 1012 compluribus
753 937 896 996 codicibus
913 953 975 993 esus
991 941 1032 992 est
1048 935 1158 995 uuls-

63 1028 227 1107 neminen
251 1026 387 1108 sisere-psi
410 1032 456 1104 τῆς
477 1028 602 1102 Ἑλλάδος
618 1033 802 1105 praepositum
819 1030 939 1088 excudit.
973 1031 1051 1085 dium
1068 1040 1159 1087 entem

62 1123 93 1179 iu
112 1123 158 1178 illo
178 1125 297 1179 Buddaei
322 1123 417 1184 codiee
434 1128 557 1198 prosaico
576 1126 725 1193 fragmento
748 1126 902 1194 singillatim
920 1125 1081 1196 inscriptum
1100 1125 1161 1180 lue·

61 1218 100 1275 tit
116 1225 173 1292 βίος
189 1219 238 1293 τῆς
251 1216 395 1289 Ἑλλάδος,
420 1239 480 1276 cum
498 1223 664 1276 Buttmanuo
680 1221 794 1289 dubito,
819 1222 868 1296 qui
889 1239 921 1276 ea
941 1221 976 1275 de
993 1239 1021 1274 re
1040 1238 1067 1294 p·
1083 1224 1102 1278 3
1119 1237 1160 1293 tq·
1215 1240 1217 1244 ⁴

63 1311 220 1368 eccuratius
238 1315 360 1386 exponit.

134 1411 164 1482 2)
182 1404 334 1479 Stephanus
352 1426 463 1481 quoque
480 1409 612 1483 'princepe
629 1410 718 1465 editor
734 1409 831 1465 Cretae
849 1418 878 1466 et
894 1397 1046 1480 Cycladum·
1059 1408 1160 1480 Spora-

60 1499 183 1574 domque
200 1502 425 1576 descriptionem,
450 1515 545 1580 utpote
563 1525 631 1581 quae
649 1510 678 1561 in
696 1507 791 1562 codiee
808 1525 864 1561 uon
882 1508 1029 1575 legeretur,
1055 1507 1084 1558 iu
1103 1519 1162 1558 me·

62 1593 139 1649 dium
164 1613 221 1649 uon
244 1597 365 1669 protulit.
407 1601 494 1656 Aliam
518 1610 607 1656 eutem
627 1602 672 1654 ulii
692 1605 825 1657 rationem
850 1602 880 1656 in
897 1597 1095 1670 bnjungeudie
1113 1604 1161 1652 ent

60 1688 250 1760 disjungendi·
267 1674 421 1765 [reflatis
438 1696 562 1767 prosaico
580 1704 609 1750 et
624 1698 736 1751 metrico
753 1697 839 1750 secoli
857 1695 1071 1757 contemtores,
1095 1707 1162 1764 quo·

60 1798 125 1838 nm
140 1784 188 1838 elii
204 1787 357 1859 poeticum,
374 1791 421 1843 elii
430 1792 582 1863 prosaicum
600 1792 688 1864 primo
705 1791 768 1845 loco
782 1778 1064 1853 esltoeuernnsets'lii
1082 1784 1161 1839 deni·

61 1894 120 1952 que
135 1888 198 1952 post
215 1900 318 1955 versum
330 1885 497 1958 ansgrsphee
514 1888 566 1943 109
582 1885 730 1958 pedestrem
749 1885 899 1939 orationem
918 1881 1096 1936 inhibuerunt
1112 1895 1163 1935 ee·

60 1988 120 2046 que
136 1973 259 2028 absolute
276 1974 422 2030 insularum
441 1994 581 2031 recensum
598 1976 633 2030 ud
654 1976 681 2067 'a‘
751 1983 771 2030 t.

133 2065 164 2137 3)
182 2068 416 2140 Quemadmodum
434 2071 463 2124 iu
475 2071 570 2126 libello
587 1974 757 2175 „epm
775 2069 913 2124 dedicatio
931 2067 965 2121 ad
980 2065 1160 2122 Alexandnnn

60 2156 138 2214 decta
155 2178 211 2215 uon
230 2163 405 2232 intelligenda
423 2164 530 2220 videtur
546 2164 581 2221 de
598 2158 778 2220 Macedonum
797 2179 868 2231 rege,
888 2161 936 2217 sed
953 2161 987 2216 de
1005 2161 1159 2216 Alexandro

62 2253 184 2330 quodem
203 2258 320 2312 auctoris
340 2259 455 2331 eequeli.

132 2349 163 2421 4)
181 2351 209 2405 Si
227 2353 300 2405 enim
322 2354 457 2409 vocabulo
471 2350 615 2431 Ἀμβρακία
640 2353 675 2408 cf.
693 2353 774 2407 etiem
792 2351 881 2420 Etym.
899 2351 936 2404 tr.
964 2367 985 2404 s.
1003 2367 1028 2403 u.
1053 2364 1160 2402 omnem

61 2459 124 2500 eem
149 2444 284 2513 regionem
303 2449 479 2514 significatum
497 2465 556 2503 esse
573 2455 766 2509 metueremus,
791 2445 931 2518 scriptoris
957 2445 1048 2515 ipsius·
1065 2442 1162 2497 relatio

60 2556 104 2593 ve.
121 2541 163 2594 30.
189 2546 303 2600 aetutem
319 2544 437 2617 Apvonle
453 2537 468 2598 i
484 2537 596 2616 xsipod'
615 2538 662 2616 disp
680 2547 849 2611 repugnaret.
890 2540 1018 2592 Attamen
1036 2536 1163 2590 conside·

62 2628 179 2686 rendum
197 2642 238 2686 est
255 2633 326 2705 apud
346 2633 498 2700 Scylacem,
528 2651 607 2706 quom
635 2633 688 2687 hoc
712 2632 880 2704 potissimum
907 2632 969 2686 loco
995 2628 1161 2700 sungraphee

60 2725 179 2798 scriptor
197 2724 232 2780 ob
253 2726 344 2780 oculos
362 2724 489 2779 hahuisse
506 2727 628 2789 videtur,
656 2724 761 2778 disertis
779 2721 867 2778 verbis
884 2720 941 2777 dici
965 2727 1117 2798 repulsione
1133 2727 1164 2783 tt
1220 2710 1242 2739 '¹

60 2819 113 2893 τῆς
125 2815 283 2897 Ἀμβρακίας
301 2824 395 2878 στάδια
411 2817 448 2895 ps'
469 2829 497 2873 et
513 2820 558 2872 ills
578 2818 658 2873 verbe
676 2819 787 2872 tortasse
806 2814 903 2882 etiam,
923 2815 959 2870 ci.
976 2832 1016 2873 re.
1035 2822 1103 2883 117,
1121 2815 1164 2873 ile

62 2912 196 2986 “plicari
213 2929 307 2986 posse:
327 2921 459 2981 „vocetur
476 2914 559 2966 etium
577 2911 693 2983 Dryopis
711 2911 798 2966 omnis
816 2912 921 2980 regino

134 3026 164 3094 5)
182 3023 290 3100 ἐχόμενα
315 3025 390 3096 quod
414 3025 443 3077 in
461 3025 543 3079 Gailli
570 3024 691 3079 editions
715 3024 807 3078 eedem
832 3021 979 3094 occuparit
1003 3024 1163 3091 conjectore

63 3119 221 3176 Ceeeuboui
238 3127 279 3173 est
296 3136 313 3171 a
330 3117 435 3173 Messio
453 3120 548 3173 merito
566 3119 725 3189 improbata.
761 3119 856 3189 Neque
873 3125 965 3169 tamen
985 3117 1068 3170 credo
1085 3117 1163 3191 λυγί-

61 3214 210 3291 pressantis
228 3220 320 3284 eptum
338 3229 411 3277 esse,
438 3213 484 3266 red
509 3213 685 3267 nihilomiuus
708 3223 739 3267 ut
749 3214 835 3284 ,apud
853 3215 1012 3284 scriptorem
1029 3213 1162 3281 pessimae

63 3313 149 3362 motae
166 3305 336 3360 retinendum
353 3315 381 3358 et
398 3307 497 3372 vulgari
511 3307 615 3361 ratione
628 3307 875 3378 interpretendnm:
893 3305 969 3378 quod
987 3304 1059 3357 enim
1075 3303 1164 3357 Schu-

64 3401 144 3458 ehiue
162 3398 302 3472 proposuit
324 3396 447 3472 λεγόμενα
465 3418 498 3453 eo
515 3400 578 3454 loco
596 3416 652 3453 esse
668 3401 752 3471 sumo
779 3401 923 3472 insignio,
952 3402 1037 3479 quss
1060 3414 1110 3471 per
1133 3412 1163 3451 ee

63 3502 124 3551 mu
142 3494 213 3566 epod
232 3504 351 3548 nostrum
371 3501 504 3548 auctorem
524 3512 579 3546 non
598 3495 755 3566 amplector.

135 3589 166 3657 6)
185 3587 212 3640 Si
231 3588 292 3661 quis
310 3589 384 3653 velit,
403 3606 458 3641 non
471 3587 590 3660 impedio
602 3596 661 3679 'o
680 3589 769 3641 roinus
786 3586 828 3640 luis
846 3587 934 3647 rerbie
953 3585 1052 3641 additis
1068 3594 1164 3641 aucto·

64 3697 125 3737 tem
142 3681 308 3752 anagrapbee
330 3699 359 3735 ee
377 3681 489 3755 prodere
515 3676 611 3736 creda't'
627 3681 763 3735 hominem
786 3681 815 3734 iu
833 3681 1011 3736 relationibus
1028 3683 1082 3736 suis
1100 3698 1164 3736 cau·

10 3816 14 3856 q
66 3775 209 3842 neeman,
229 3775 332 3848 quippe
349 3774 402 3849 qut
415 3794 470 3830 non
490 3785 565 3830 certo
583 3777 705 3840 sciverit,
733 3793 798 3830 num
817 3776 855 3830 ita
873 3777 1000 3832 Boeotiae
1017 3774 1177 3861 longitudi-¹

11 3924 16 3959 1
65 3869 111 3926 nie
128 3888 249 3924 mensure
267 3879 392 3927 eccurete
409 3871 528 3926 indicem
548 3874 592 3924 sit.

136 3967 167 4035 7)
185 3967 340 4020 Buttmunui
364 3967 435 4020 enim
459 3967 635 4032 sententiam,
663 3983 717 4039 qus
735 3966 847 4020 alterurn
872 3963 907 4033 ὅς
924 3965 989 4032 ἔπος
1005 3969 1083 4022 eineis
1099 3959 1166 4014 tub·

10 4030 20 4081 ι
62 4059 183 4130 itetive,
203 4061 313 4114 alterum
333 4061 468 4131 objectiva
488 4063 593 4114 rutiono
610 4062 744 4133 prolatum
763 4061 857 4123 fuerit,
876 4060 988 4113 minime
1007 4056 1103 4128 probo.

12 4128 24 4195 i

136 4169 167 4239 8)
186 4169 292 4242 Aliquid
316 4171 407 4224 sellem
432 4171 595 4224 lucraremur
620 4171 717 4224 idarxii
743 4172 899 4237 conjecture
923 4185 974 4239 pro
992 4171 1164 4241 φιλομαθίσι,

10 4247 28 4305 3
63 4262 88 4319 ai
115 4280 205 4318 versus
230 4273 379 4337 pateretur,
406 4271 567 4340 φιλομαθίας
593 4265 635 4319 vel
659 4260 784 4339 ἃληθείας
808 4264 859 4329 legi
882 4280 960 4333 posse
979 4258 1166 4316 existimantis.

10 4359 51 4453 etp
64 4357 94 4411 st
116 4357 214 4410 malum
233 4360 390 4430 scriptorem
409 4377 441 4412 eo
460 4359 521 4415 loco
540 4358 684 4412 emendare
702 4359 742 4410 los
760 4365 839 4419 esset,
858 4359 1021 4428 φιλομαθίας
1040 4353 1166 4427 adoptari

10 4476 27 4517 Ι
63 4458 160 4525 posset
177 4469 265 4524 neque
282 4470 330 4524 per
349 4461 471 4518 metrum,
492 4460 622 4525 quantum
642 4451 750 4524 quidem
769 4467 801 4502 ex
819 4447 922 4519 reliquo
941 4447 1091 4515 fragmento
1110 4448 1167 4503 col·

63 4546 148 4614 ligere
166 4545 247 4610 licet,
267 4554 408 4599 vetaretur.

10 4707 13 4719 ,
136 4641 167 4709 9)
186 4639 218 4691 ld
237 4639 382 4694 rectissime
395 4641 514 4695 Oseunm
531 4639 637 4695 monuit
654 4657 743 4713 neque
761 4647 856 4695 contre
874 4656 933 4693 eam
943 4638 1165 4694 observationem

62 4737 245 4797 Butlmeuuus
270 4732 417 4808 quidquem
443 4733 558 4806 proiecit
574 4735 641 4792 locis
660 4753 693 4790 ex
711 4734 888 4790 Eratosthene
913 4734 986 4806 apud
1003 4734 1165 4791 Strabonem
